2922 5195
1496 458 1578 527 96

514 639 661 703 huic
706 638 973 701 consilio
1016 636 1447 703 adhiberetur.
1543 638 1662 700 Cui
1701 637 1964 703 decreto
2009 662 2091 705 ne
2129 643 2299 707 forte
2339 647 2558 712 Abbas

514 773 623 821 aut
667 756 968 820 monachi
1014 756 1378 820 resisterent
1392 801 1410 837 ,
1449 755 1712 820 libertas
1751 757 1829 820 iis
1869 755 2162 841 daretur,
2206 776 2278 824 ut
2325 760 2406 827 de
2439 767 2564 828 suis

511 875 632 962 ipsi
678 875 1067 963 Episcopum
1106 873 1445 962 eligerent,
1499 874 1608 959 qui
1648 889 1715 937 et
1759 873 2190 960 adjacentium
2230 878 2568 964 locorum,

513 1009 829 1080 quotquot
879 991 961 1055 ad
1019 990 1291 1056 eandem
1346 991 1688 1056 Dioecesin
1743 993 2142 1079 pertinerent
2160 1043 2178 1077 ‚
2247 1011 2313 1059 et
2369 997 2565 1084 ipsius

510 1110 879 1174 monasterii
942 1131 1161 1173 curam
1230 1124 1504 1198 gereret.
1620 1107 1816 1189 Quod
1885 1112 1939 1173 si
2006 1134 2166 1198 opus
2234 1128 2425 1196 esset,
2492 1131 2566 1177 ut

508 1244 716 1292 terrae
734 1274 754 1309 ,
805 1249 956 1314 quas
1007 1225 1409 1314 possiderent
1424 1275 1443 1309 ,
1491 1226 1629 1290 aliis
1681 1225 2182 1317 *adaugerentum
2233 1230 2565 1296 innumera

509 1344 657 1408 loca
689 1366 823 1408 esse
858 1359 1037 1432 putat
1058 1391 1076 1426 ,
1129 1366 1290 1430 quae
1307 1392 1326 1425 ,
1372 1344 1440 1407 in
1488 1345 2020 1409 monasteriorum
2054 1370 2389 1421 numerum
2427 1371 2569 1436 per-

508 1485 729 1550 peram
782 1460 1101 1550 adscripta
1116 1511 1134 1545 ,
1196 1461 1523 1549 Synodica
1572 1463 1952 1528 auctoritate
2019 1465 2088 1528 in
2142 1466 2315 1529 hunc
2380 1489 2562 1530 usum

508 1581 733 1645 melius
778 1596 1036 1669 possent
1082 1581 1396 1645 converti.

599 1698 768 1762 Data
818 1701 954 1783 jam
1002 1699 1124 1761 sibi
1186 1698 1568 1780 occasione,
1621 1699 1822 1762 multa
1864 1700 2147 1786 queritur
2195 1698 2277 1764 de
2345 1722 2566 1764 corru-

510 1819 734 1904 ptione
801 1833 865 1880 et
929 1818 1129 1880 abusu
1189 1817 1752 1881 monasteriorum.
1862 1816 2087 1903 Neque
2150 1814 2296 1882 Deo
2359 1841 2565 1905 neque

510 1934 878 1998 hominibus
928 1933 1126 1998 multa
1181 1957 1406 1997 eorum
1450 1932 1632 1996 utilia
1686 1912 1820 1996 esse
1877 1930 2068 2016 dicit,
2116 1935 2354 2020 quippe
2403 1935 2564 2021 quae

517 2053 934 2117 austeriorem
971 2052 1443 2127 ,monachorum
1493 2047 1747 2114 vivendi
1789 2052 2102 2115 rationem
2146 2052 2412 2115 omnino
2452 2075 2564 2116 ne·

514 2171 859 2261 gligerent,
910 2194 1032 2234 nec
1092 2170 1232 2234 usui
1283 2168 1555 2233 seculari
1613 2168 2014 2234 inservirent.
2110 2167 2299 2233 Unde
2348 2185 2525 2247 tanta
2543 2216 2563 2253 ,

515 2302 588 2351 ut
632 2289 720 2350 ait
738 2336 756 2369 ,
808 2289 1129 2352 exstiterat
1161 2303 1369 2351 terrae
1400 2287 1655 2374 inopia,
1707 2301 1781 2349 ut
1806 2285 1921 2349 filii
1956 2286 2276 2350 nobilium
2325 2303 2432 2351 aut
2458 2287 2572 2350 mi-

512 2405 656 2470 lites
704 2407 954 2470 emeriti
1008 2405 1182 2470 nulla
1228 2405 1628 2493 possessione
1675 2420 1937 2491 possent
1978 2403 2209 2469 donari
2228 2452 2247 2487 ,
2297 2404 2411 2469 sed
2469 2428 2572 2470 va·
2658 2462 2670 2479 ,

512 2539 733 2588 cantes
769 2540 833 2589 et
870 2524 1006 2588 sine
1051 2523 1350 2612 conjugio
1392 2521 1668 2611 patriam
1700 2521 2136 2607 relinquerent
2151 2568 2170 2603 ,
2213 2521 2350 2606 vel,
2398 2519 2571 2610 quod

516 2643 695 2730 pejus
740 2658 928 2721 esset,
977 2640 1268 2729 ignaviae
1318 2633 1695 2725 libidinique
1745 2637 2175 2727 indulgerent.
2269 2638 2397 2703 Sed
2435 2662 2572 2729 gra-

510 2760 651 2822 vius
678 2760 871 2823 etiam
905 2780 942 2821 a
966 2756 1345 2845 quibusdam
1377 2757 1503 2820 hac
1540 2756 1611 2819 in
1643 2779 1713 2818 re
1742 2756 2164 2843 peccabatur,
2204 2759 2343 2843 qui,
2374 2780 2570 2844 quum

514 2873 728 2940 studio
785 2898 919 2940 non
968 2876 1166 2963 magis
1215 2898 1407 2962 quam
1457 2896 1574 2937 usu
1622 2871 1703 2935 ad
1752 2873 1997 2936 olerum
2048 2874 2155 2948 vvel
2215 2872 2298 2937 ad
2347 2897 2571 2938 mona-

513 2994 671 3055 chos
715 2993 1110 3077 pertinerent
1130 3038 1148 3073 ,
1200 2989 1642 3055 construendis
1688 3006 1937 3071 tamen,
1987 3005 2058 3053 ut
2098 3011 2252 3077 prae
2294 3013 2362 3053 se
2402 2990 2567 3054 fere-

512 3110 702 3191 bant,
754 3108 1151 3172 monasteriis
1200 3124 1401 3172 terras
1450 3108 1573 3171 sibi
1618 3107 2084 3195 comparabant
2102 3154 2121 3187 ,
2174 3108 2328 3193 quin
2379 3108 2573 3171 etiam

518 3229 804 3317 Regum,
854 3225 1245 3291 Pontificum
1294 3242 1360 3289 et
1400 3225 1726 3289 Abbatum
1775 3222 2003 3288 edictis
2050 3237 2183 3285 tam
2224 3223 2343 3285 sibi
2384 3246 2575 3310 quam

506 3344 856 3410 heredibus
893 3367 997 3408 eas
1038 3341 1507 3408 confirmandas
1550 3343 1881 3408 curabant.
1933 3344 2059 3406 Ista
2086 3342 2156 3404 in
2189 3341 2372 3424 loca,
2413 3364 2575 3429 quae

519 3462 680 3527 falso
729 3463 991 3526 nomine
1033 3460 1426 3542 Monasteria
1476 3460 1808 3542 dicebant,
1861 3460 2267 3547 excipiebant
2310 3482 2569 3541 omneS,

515 3582 678 3645 veris
747 3580 1152 3646 monasteriis
1218 3579 1511 3667 expulsos
1532 3626 1551 3660 ,
1622 3594 1687 3642 et
1740 3601 2193 3664 quoscunque,
2263 3578 2574 3665 promissa

526 3696 922 3780 obedientia,
969 3696 1046 3760 ad
1086 3694 1555 3785 suscipiendam
1597 3711 1925 3759 tonsuram
1948 3693 2252 3758 inducere
2285 3698 2570 3782 possent.

527 3814 736 3888 Malae
791 3816 941 3878 huic
995 3812 1442 3878 consuetudini
1508 3829 1616 3877 aut
1672 3812 2017 3877 Pontifices
2072 3829 2180 3877 aut
2245 3812 2577 3900 Synodum

510 3956 640 3996 -sua
708 3933 1085 3997 auctoritate
1144 3931 1448 3996 facillime
1506 3930 1700 3996 finem
1749 3933 2084 4019 imponere
2138 3953 2324 4017 posse
2343 3979 2361 4013 ,
2409 3954 2577 3995 nEnA

542 4164 839 4231 adsentiri
885 4185 947 4233 et
991 4193 1184 4257 opem
1223 4169 1390 4234 ferre
1435 4169 1886 4258 reperirentur.
1984 4167 2348 4234 EGBERTUM
2388 4168 2579 4254 igitur
