2922 5195
1523 499 1608 560 56

541 679 806 743 Romam
849 675 1174 764 profectus
1190 722 1209 758 ‚
1257 675 1327 738 in
1372 675 1602 740 itinere
1648 674 1819 740 diem
1852 675 2044 756 obiit,
2096 698 2265 741 anno
2298 701 2337 765 7
2352 677 2429 741 16
2459 676 2581 765 (1).

544 794 892 882 Postquam
939 809 1148 858 autem
1159 840 1181 875 ,
1233 794 1303 858 in
1329 794 1740 858 monasterio'
1770 794 1963 858 rebus
1990 782 2062 857 in
2098 795 2440 882 pristinum
2489 817 2589 859 or·-

542 911 760 976 dinem
810 912 1081 977 redactis
1099 959 1119 994 ,
1170 933 1378 975 munz
1428 912 1622 974 etiam
1669 912 1873 993 otium
1924 927 1991 976 et
2043 912 2333 976 alacritas
2376 911 2587 977 redie-

530 1020 688 1095 ‘rant
705 1077 723 1112 ‚
775 1044 1069 1117 quartum
1115 1029 1189 1093 iis
1233 1029 1475 1093 librum
1521 1027 1768 1093 addidit
1811 1028 1928 1117 (2).

630 1149 732 1210 De
748 1146 1191 1233 aedificatione
1211 1146 1476 1232 Templi,
1494 1146 1874 1232 allegoricae
1884 1152 2323 1233 equsitionis‚
2334 1146 2482 1210 libri
2489 1147 2585 1211 II.

630 1262 998 1327 Memorant
1023 1261 1183 1328 duos
1211 1262 1414 1327 libros
1446 1264 1639 1328 etiam
1663 1284 1982 1327 mnomus
2002 1310 2021 1344 ,
2059 1272 2334 1347 cavans,
2364 1287 2590 1329 lumn-

544 1404 720 1463 cms,
782 1396 849 1445 et
903 1379 1104 1446 Editt.
1164 1380 1451 1469 Operum
1511 1401 1718 1444 mmm
1772 1380 1843 1443 in
1888 1378 2211 1445 Indicibus
2227 1428 2245 1463 ,
2303 1383 2589 1468 quamvis

538 1500 748 1586 ipsum
793 1520 952 1586 opus
996 1519 1129 1561 uno
1175 1497 1343 1561 libro
1387 1497 1614 1587 vig-inti
1660 1497 1938 1585 quinque
1982 1498 2263 1586 capitum
2307 1511 2580 1563 constat.

541 1615 801 1704 Legitur
858 1615 928 1679 in
981 1614 1156 1683 Edit.
1225 1606 1416 1682 Basil.
1469 1615 1659 1680 Tom.
1717 1614 1894 1680 VIII.
1954 1640 2025 1704 p.
2092 1614 2243 1704 1-73
2268 1662 2288 1698 ‚
2352 1614 2585 1681 colon.

541 1731 724 1796 Tom.
778 1730 954 1796 VIII.
1008 1756 1079 1821 p.
1140 1730 1289 1796 1-52
1311 1779 1331 1814 ,
1404 1749 1471 1796 et
1524 1748 1917 1796 memoratur
1968 1732 2052 1796 ab
2106 1732 2248 1820 ipso
2297 1753 2466 1797 mma
2522 1731 2590 1794 in

542 1849 838 1935 Epistola
894 1849 986 1911 ad
1034 1871 1332 1914 summm
1395 1848 1749 1933 Abbatem‚
1810 1866 2008 1936 *quam
2066 1849 2308 1938 primus
2360 1872 2593 1914 Mum-

535 1986 784 2047 ,Lomus
827 1965 1070 2054 publici
1108 1967 1266 2050 juris
1297 1964 1455 2030 fecit
1490 1965 1622 2054 (3),
1670 1967 1784 2031 ubi
1823 1965 1986 2029 illud
2025 1966 2441 2054 scriptionem
2474 1989 2587 2031 vo-

547 2096 653 2145 cat
693 2080 773 2145 de
806 2076 1157 2165 Str-actura¹
1185 2084 1399 2170 templi
1433 2105 1818 2148 suouoms.
1883 2079 2171 2146 Eandem
2209 2099 2421 2148 autem
2447 2082 2593 2150 alle·

545 2199 832 2287 gol-icam
886 2199 1349 2288 interpretandi
1400 2200 1717 2264 rationem
1734 2247 1754 2282 ,
1811 2202 2010 2287 quam
2049 2200 2120 2264 in
2166 2199 2591 2266 describendo

544 2315 986 2380 Tabernaculo
1023 2334 1273 2386 secutus
1314 2332 1440 2402 est,
1499 2319 1569 2383 in
1601 2317 2215 2405 hocquoque'libro'
2245 2319 2584 2386 cernimus.

544 2432 670 2496 Dei
687 2432 882 2521 igitur
907 2432 1132 2500 aedem
1148 2483 1167 2517 ,
1196 2459 1387 2523 quam
1412 2458 1451 2499 a
1469 2457 1810 2501 snouonn
1832 2435 2010 2524 Rege
2032 2434 2367 2501 aedificata
2392 2453 2586 2522 esset,

545 2564 931 2615 exstructam
971 2574 1103 2619 esse
1132 2550 1291 2617 dicit
1315 2553 1383 2616 in
1412 2550 1691 2641 effigiem
1715 2549 1951 2615 Sacrae
1975 2550 2591 2619 Catholicae'Eccle-

542 2668 672 2733 siae
691 2716 711 2751 ,
761 2691 922 2756 quae
977 2692 1014 2733 a
1071 2669 1282 2757 primo
1329 2668 1539 2732 electo
1569 2690 1770 2754 usque
1823 2667 1907 2732 ad
1957 2669 2284 2752 ultimum,
2331 2668 2588 2756 quando

544 2786 740 2851 exitio
797 2785 1069 2851 mundus
1115 2785 1372 2850 dabitur
1389 2833 1408 2870 ,
1457 2809 1575 2875 per
1628 2785 1821 2875 Regis
1866 2784 2124 2874 pacifici
2140 2834 2158 2869 ‚
2215 2786 2313 2850 sui
2366 2784 2589 2851 videli-

546 2919 651 2968 cet
690 2901 1141 2989 Redemptoris
1155 2947 1174 2981 ,
1213 2903 1486 2987 gratiam
1520 2899 1807 2986 quotidie
1849 2901 2318 2969 exaedificetur.
2412 2904 2592 2968 Cete-

541 3040 690 3082 rum
734 3016 1281 3079 Commentarium
1326 2995 1441 3080 1‘150'
1478 3016 1787 3082 habemus
1823 3017 1892 3081 in
1957 3041 2013 3082 1.
2061 3018 2225 3109 Reg.
2272 3016 2546 3085 V-VH
2567 3067 2587 3103 ‚

549 3133 704 3200 coll.
745 3156 810 3199 2.
861 3133 1114 3216 Chron„
1155 3131 1376 3199 II—V.

633 3254 715 3316 In
758 3254 998 3338 Regum
1042 3249 1272 3314 librum
1315 3252 1542 3315 XXX
1573 3259 1996 3340 quaestiones-

633 3368 699 3433 N
701 3391 1046 3432 omnnmus
1059 3415 1081 3448 ‚
1130 3369 1454 3434 Ecclesiae
1510 3369 1936 3433 Londinensis
1986 3368 2363 3459 Presbyter,
2413 3372 2592 3438 locos

552 3483 859 3574 quosdam
912 3509 990 3550 ex
1036 3485 1214 3549 libris
1264 3487 1548 3576 Regum,
1602 3486 1649 3551 i.
1708 3509 1769 3552 e.
1826 3500 2135 3552 munius
2194 3504 2261 3552 et
2302 3489 2586 3579 Regum,

543 3603 659 3690 qui
704 3604 825 3668 sibi
888 3601 1281 3668 difficiliores
1328 3602 1740 3687 videbantur,
1784 3603 1868 3667 ad
1912 3626 2132 3669 annau
2179 3603 2588 3693 explicandos

635 3783 720 3851 (1)
761 3783 884 3837 vid.
928 3800 1054 3837 num
1097 3786 1244 3838 Hist.
1289 3786 1487 3838 Abbat.
1533 3785 1617 3837 W
1610 3787 1852 3839 tremuth'
1896 3793 1947 3839 et
1994 3790 2165 3841 θένω.
2204 3788 2345 3841 Edit.
2383 3801 2585 3844 vnum.

759 3868 879 3920 Lib.
913 3869 981 3921 II.
1010 3889 1130 3939 pag.
1158 3871 1300 3933 239,
1337 3870 1459 3920 240.
1617 3869 1622 3872 ’

633 3952 718 4022 (2)
761 3953 835 4004 In
881 3951 1174 4003 Samnitem
1216 3905 1334 4003 [11).
1369 3951 1467 4003 ΠΙ.
1495 3969 1608 4021 cap.
1638 3951 1726 4004 10.
1758 3952 1817 4003 in
1848 3950 1946 4003 fin.
1974 3962 2025 4003 et
2054 3951 2221 4005 Praei.
2251 3950 2318 4004 ad
2347 3950 2588 4007 Lih.1v.

761 4034 917 4104 Oper.
949 4035 1524 4105 Tom.1v.pag.293.

637 4119 723 4185 (3)
761 4118 961 4170 Excusa
1015 4119 1273 4191 reperitur
1313 4119 1371 4171 in
1429 4119 1674 4174 Analect.
1736 4119 1793 4172 V
1787 4124 1909 4172 eter.
1959 4118 2098 4173 Edit.
2143 4136 2263 4174 nov.
2310 4118 2584 4173 Parisiens.

759 4216 877 4267 pag.
904 4200 1026 4254 398.
