2922 5195
558 509 613 553 u

555 718 637 781 ba
680 717 936 796 desunt,
980 713 1207 805 quibus
1248 724 1600 797 enuntiem,
1641 740 1833 806 quam
1879 740 2133 781 suat-em
2171 741 2424 783 sensum
2462 723 2602 783 ani‘

551 889 654 928 mo
692 871 1088 952 perceperim
1103 912 1122 944 ,
1178 887 1370 953 quum
1423 864 1518 926 ad
1566 864 1928 927 veneranda
1968 865 2083 927 illa
2121 865 2348 929 limina
2391 866 2601 930 denuo

546 1010 851 1076 accedere
883 1010 1043 1074 milli
1071 1010 1323 1092 liceret,
1373 1011 1485 1074 ubi
1499 1035 1627 1099 per
1654 1021 2034 1075 sexennium
2045 1013 2202 1101 sere
2231 1022 2497 1101 optimos
2528 1021 2599 1077 in

547 1172 770 1224 nostra
799 1158 1139 1246 disciplina
1169 1166 1511 1246 magistros
1541 1159 1767 1223 audire
1811 1173 1878 1224 et
1903 1169 2236 1224 convenire
2267 1162 2427 1225 mila·
2455 1186 2604 1226 con·

551 1314 820 1396 tigisset.
913 1308 1079 1389 Stet,
1112 1330 1382 1395 precor,
1436 1307 1597 1371 haec
1633 1309 1808 1371 alma
1842 1308 2199 1389 doctrinae,
2247 1310 2604 1398 elegantiae

550 1469 617 1520 et
644 1455 1062 1519 humanitatis
1090 1454 1273 1517 sedes
1300 1454 1413 1517 diu
1446 1455 1781 1519 incolumis
1794 1504 1815 1538 ,
1850 1464 2059 1545 sitque
2073 1471 2410 1545 perpetuo,
2436 1456 2610 1547 quod

550 1601 981 1692 seanerfuit,
1024 1602 1293 1665 Patriae
1322 1601 1470 1681 lux,
1509 1601 1764 1690 gloria,
1809 1603 2041 1667 decus!

645 1750 857 1836 Quum
897 1748 978 1811 de
1020 1770 1188 1811 nans
1228 1748 1598 1813 Venerabili
1638 1750 1918 1815 scribere
1949 1759 2395 1815 constitueram
2412 1798 2433 1833 ,
2481 1750 2602 1814 hoc

551 1905 645 1962 ita
679 1898 997 1986 perficere
1048 1903 1117 1958 in
1162 1901 1378 1959 animo
1428 1893 1772 1975 habebam,
1831 1910 1934 1978 ut,
1982 1911 2142 1984 post
2185 1904 2376 1961 vitam
2416 1897 2602 1983 hujus

552 2049 673 2106 viri
723 2043 994 2106 breviter
1037 2055 1404 2105 enarratam
1420 2090 1438 2124 ,
1485 2049 1837 2131 praecipue
1885 2043 1966 2105 de
2010 2048 2149 2131 ejus
2198 2042 2488 2107 doctrina
2541 2050 2608 2105 et

555 2196 798 2253 meritis
827 2202 896 2252 et
922 2189 1309 2277 efficacitate
1339 2196 1407 2252 in
1429 2213 1614 2253 suam
1637 2203 1908 2254 aetatem
1939 2215 2217 2279 agerem.
2248 2193 2397 2259 Non
2424 2191 2609 2278 longe

557 2350 768 2401 tamen
809 2358 1248 2424 processeram
1269 2385 1288 2417 ,
1355 2361 1548 2426 quum
1596 2345 1758 2402 satis
1801 2339 2208 2427 manifestum
2243 2339 2402 2402 mihi
2432 2347 2603 2419 erat,

559 2489 869 2548 rationem
894 2504 1170 2570 prorsus
1211 2483 1409 2546 aliam
1449 2484 1795 2547 ineundam
1825 2508 1987 2548 esse.
2044 2486 2364 2551 Nimirum
2397 2493 2610 2548 variae

559 2630 972 2721 difficultates
1010 2631 1170 2694 mihi
1209 2631 1431 2696 obviae
1474 2645 1703 2715 erant,
1739 2656 1904 2722 quas
1941 2633 2326 2696 amovendas
2360 2656 2500 2697 esse
2531 2637 2615 2697 vi·

557 2781 816 2863 debam,
835 2788 1214 2869 priusquam
1242 2793 1374 2845 tuto
1391 2780 1705 2869 progredi
1723 2803 2007 2867 possem.
2065 2781 2421 2867 Tantopere
2443 2787 2613 2842 enim

563 2951 702 3007 eos,
751 2934 861 3015 qui
902 2925 983 2989 de
1031 2947 1240 2988 mmm
1295 2932 1424 2988 vita
1461 2932 1886 3010 seripserunt,
1935 2931 2107 2988 inter
2141 2947 2213 3013 se
2254 2925 2616 3011 discrepare

532 3096 535 3105 ·
566 3079 799 3161 reperi,
834 3083 934 3153 ut,
978 3070 1072 3134 ad
1095 3093 1238 3134 eam
1272 3068 1428 3132 bene
1457 3083 1526 3133 et
1550 3082 1849 3132 accurate
1870 3069 2347 3157 exponendam,
2385 3073 2618 3157 majori

565 3223 901 3310 diligentia
948 3232 1013 3283 et
1062 3219 1337 3307 longiori
1376 3219 1821 3307 disquisitione
1875 3241 2033 3304 opus
2084 3240 2223 3281 esse
2277 3219 2613 3283 videretur.

561 3371 742 3436 Inter
765 3373 1006 3456 scripta
1036 3389 1310 3455 quoque,
1359 3389 1525 3455 quae
1558 3365 1743 3454 vulgo
1786 3388 1927 3429 eum
1961 3378 2285 3430 auctorem
2317 3365 2618 3430 habuisse

557 3529 872 3605 putantur
910 3518 1171 3604 ejusque
1210 3522 1467 3579 nomine
1510 3513 1734 3578 erebro
1779 3513 1952 3577 edita
1998 3526 2179 3595 sunt,
2235 3513 2434 3576 multa
2483 3534 2621 3576 esse

572 3661 989 3750 deprehendi,
1039 3684 1204 3750 quae
1236 3661 1337 3725 vel
1358 3672 1687 3748 suspectae
1717 3667 1851 3723 sint
1856 3659 2031 3746 fidei
2047 3706 2066 3741 ,
2115 3661 2214 3724 vel
2240 3669 2496 3723 omnino
2532 3673 2621 3725 te·

574 3833 744 3874 mere
777 3816 839 3872 ei
870 3807 1305 3896 adfinguntur.
1377 3809 1494 3871 Ex
1533 3815 1949 3895 incomposita
1983 3830 2125 3873 vero
2158 3815 2284 3871 ista
2317 3807 2619 3872 librorum

552 3957 905 4044 farragine
920 4003 938 4037 ,
987 3977 1151 4043 quae
1183 3977 1390 4017 nunu.
1426 3962 1680 4018 nomine
1713 3955 2125 4044 undecunque
2158 3969 2459 4044 congesta
2488 3970 2614 4037 est,

576 4113 636 4169 si
667 4108 803 4190 ejus
833 4105 1184 4169 doctrinam
1216 4118 1284 4167 et
1312 4111 1536 4167 merita
1567 4104 1861 4190 colligere
1894 4105 2152 4169 velimus
2168 4152 2185 4185 ‚
2225 4113 2618 4192 iniquissime
