2922 5195
1545 502 1629 564 34

574 707 718 749 cum
757 683 996 769 aliquot
1029 680 1273 746 ibidem
1305 679 1440 744 dies
1469 680 1638 745 solus
1673 683 1739 744 in
1767 680 2039 746 ecclesia
2074 683 2323 748 orando
2358 700 2422 749 et
2453 688 2613 775 vigi·

580 801 772 865 lando
808 802 1241 890 transegisset,
1305 800 1730 865 nescientibus
1775 802 2000 882 sociis,
2062 826 2312 868 summo
2360 804 2625 869 diliculo

583 920 753 983 solus
771 969 789 1002 ,
841 919 1014 1007 quod
1045 935 1192 983 ante
1224 941 1549 1006 nunquam
1587 936 2029 1004 consueverat,
2068 923 2449 987 Dunelmum
2479 889 2628 989 red-

583 1040 659 1102 iit
677 1087 696 1121 ‚
763 1041 860 1103 sui
902 1037 1200 1103 videlicet
1246 1040 1472 1103 secreti
1534 1039 1777 1103 nullum
1823 1039 2045 1104 volens
2085 1056 2311 1105 testem
2355 1042 2626 1140 habere.

581 1157 747 1221 Nam
801 1180 949 1221 cum
1005 1158 1221 1221 multis
1275 1173 1501 1246 postea
1551 1159 1805 1223 vixisset
1861 1160 2039 1222 annis
2057 1206 2076 1241 ,
2135 1158 2217 1223 ad
2274 1161 2629 1249 praefatum

579 1275 1036 1339 monasterium
1066 1290 1368 1362 tanquam
1399 1278 1536 1360 jam
1565 1274 1830 1364 adeptus
1864 1275 1933 1338 id
1947 1322 1966 1357 ,
2018 1276 2197 1362 quod
2245 1277 2627 1366 concupive-

578 1407 679 1457 rat
694 1440 713 1473 ,
774 1393 1041 1481 amplius
1090 1393 1307 1457 venire
1354 1413 1488 1457 non
1534 1394 1799 1459 curavit.
1893 1391 2081 1457 Unde
2123 1394 2370 1482 saepius
2416 1417 2456 1460 a
2498 1395 2628 1459 suis

582 1508 982 1575 familiariter
1033 1510 1369 1597 requisitus
1384 1558 1405 1595 ,
1463 1510 1727 1575 ubinam
1778 1510 2178 1576 Venerabilis
2227 1534 2440 1577 mmm
2490 1529 2632 1577 ossa

584 1628 1056 1714 requiescerent
1069 1674 1094 1711 ,
1140 1643 1354 1693 certus
1378 1626 1479 1693 ‘de
1510 1649 1582 1693 re
1622 1629 1922 1717 inquisita
1959 1630 2054 1694 sic
2100 1643 2235 1694 erat
2264 1630 2490 1695 solitus
2530 1652 2630 1695 re-

583 1744 931 1832 spondere:
965 1746 1177 1828 -Hoe,
1200 1747 1439 1833 inquit,
1471 1769 1666 1811 nemo
1689 1769 1796 1812 me
1823 1748 2055 1813 certius
2080 1749 2282 1814 novit.
2317 1747 2641 1834 Firmum,

580 1883 625 1924 o
671 1859 1097 1943 dilectissimi,
1152 1877 1219 1927 et
1265 1862 1494 1951 procul
1545 1864 1723 1926 omni
1769 1864 1969 1928 dubio
2014 1882 2264 1930 certum
2304 1867 2629 1950 habeatis,

587 1979 767 2067 quod
822 1979 1049 2045 eadem
1099 1981 1286 2045 theca
1306 2028 1326 2062 ,
1381 2002 1543 2067 quae
1596 1981 2082 2045 sacratissimum
2134 2003 2368 2070 corpus
2427 1984 2641 2049 Patris

586 2120 959 2163 curnnnnn
1003 2113 1212 2163 servat
1231 2146 1250 2181 ,
1300 2098 1493 2163 etiam
1528 2120 1668 2163 ossa
1707 2097 2052 2163 venerandi
2088 2097 2373 2165 doctoris
2404 2116 2470 2166 et
2500 2124 2639 2166 mo-

587 2216 780 2280 nachi
826 2239 1036 2280 mzmn
1085 2217 1434 2283 contineat.
1541 2218 1734 2281 Extra
1790 2218 1979 2304 hujus
2036 2218 2233 2283 loculi
2288 2221 2635 2309 hospitium

585 2355 780 2397 nemo
815 2351 1077 2421 quaerat
1106 2338 1474 2423 portionem
1506 2338 1636 2421 ejus
1666 2336 2099 2423 reliquiarum.
2118 2368 2145 2394 ν
2182 2337 2361 2403 Haec
2389 2338 2641 2424 dicenS,

576 2450 926 2515 *familiares
970 2475 1114 2516 suos
1157 2452 1409 2515 silentio
1455 2454 1784 2541 praecepit
1827 2468 2080 2541 tegere,
2138 2478 2221 2519 ne
2254 2457 2502 2522 scilicet
2532 2481 2636 2523 ex-

589 2569 829 2654 tranei,
880 2567 986 2658 qui
1023 2585 1175 2634 tunc
1204 2570 1272 2634 in
1307 2569 1579 2634 ecclesia
1609 2570 1746 2658 ipsa
1778 2570 2345 2656 conversabantur,
2376 2574 2646 2661 ‘injurias

591 2689 830 2777 aliquas
880 2689 1392 2754 machinarentur
1409 2735 1430 2770 ‚
1479 2711 1751 2775 quorum
1800 2710 2113 2752 summum
2150 2705 2288 2754 erat
2319 2689 2599 2755 studium
2617 2740 2639 2775 ,

593 2807 890 2894 reliquias
924 2807 1344 2890 Sanctorum,
1385 2822 1449 2870 et
1478 2807 1751 2870 maxime
1784 2828 2030 2889 mmm,
2076 2807 2129 2870 si
2161 2830 2313 2894 quas
2346 2825 2635 2896 possent,

593 2924 877 2988 auferre»
913 2924 1035 3010 (1).
1131 2925 1294 2986 Cum
1343 2945 1729 2986 curnmznro
1781 2924 2010 3012 igitur,
2050 2926 2286 2990 celebri
2317 2927 2640 3015 quondam

595 3040 901 3104 ecclesiae
946 3039 1500 3128 Lindisfamensis
1551 3040 1872 3128 Episcopo
1894 3088 1913 3123 ,
1978 3044 2153 3128 cujus
2206 3042 2424 3109 laudes
2476 3068 2641 3110 mins

597 3158 771 3223 vivus
817 3158 1248 3224 celebraverat
1278 3157 1407 3246 (2),
1459 3159 1916 3223 Dunelmenses
1960 3160 2154 3248 ipsius
2186 3184 2326 3227 ossa
2372 3163 2646 3229 colloca-

679 3388 765 3456 (l)
806 3387 1006 3440 Sinon
1034 3387 1281 3440 Dunelm.
1311 3389 1459 3439 Hist.
1476 3390 1536 3440 de
1549 3390 1798 3441 Dunelm.
1816 3392 1965 3442 Eecl.
1981 3391 2117 3460 apud
2132 3391 2196 3442 X.
2211 3390 2398 3460 Script.
2414 3391 2535 3444 Lib.
2551 3392 2645 3444 111,

809 3488 857 3522 c.
885 3473 936 3523 7.
967 3470 1069 3525 col.
1096 3473 1165 3523 32
1183 3509 1200 3537 ,
1236 3474 1326 3525 33.
1396 3473 1685 3543 Scriptores
1712 3485 1885 3526 autem
1912 3475 2276 3542 Biographiae
2302 3476 2447 3530 Brit.
2466 3513 2488 3542 r
2515 3494 2653 3544 quos

811 3567 1013 3606 secutus
1040 3567 1118 3607 est
1144 3567 1317 3607 auctor
1345 3557 1403 3606 in
1431 3558 1726 3624 Biograph.
1764 3559 2081 3608 Universelle
2109 3575 2227 3610 ane.
2255 3564 2305 3609 et
2330 3561 2467 3611 mod.
2511 3561 2656 3612 Paris

812 3638 967 3688 1811.
986 3636 1137 3687 Tom.
1161 3637 1254 3689 IV.
1281 3656 1402 3706 pag.
1418 3639 1530 3703 39„
1565 3641 1625 3689 in.
1650 3642 1753 3690 vita
1783 3656 1943 3691 unu
1966 3679 1981 3704 ,
2014 3643 2190 3694 minus
2216 3654 2351 3695 recte
2372 3644 2643 3696 hominem

815 3733 1056 3770 causum
1081 3730 1292 3786 vocant3
1328 3738 1449 3770 nam
1479 3739 1613 3790 quae
1653 3721 1741 3773 hie
1769 3723 1904 3792 apud
1933 3738 2190 3776 smmum
2216 3739 2505 3793 narrantur,
2542 3745 2646 3779 non

813 3801 877 3852 ad
910 3815 1148 3852 simmia
1169 3839 1185 3866 ,
1217 3803 1308 3854 sed
1336 3803 1399 3852 ad
1431 3806 1765 3873 «praefatum
1783 3806 2147 3874 Presbyterum
2166 3827 2195 3857 »
2217 3803 2233 3872 ,’
2267 3811 2307 3863 i.
2324 3827 2372 3862 e.
2391 3826 2654 3863 uranon

811 3885 1084 3938 referenda
1125 3895 1263 3936 sunt.
1311 3886 1458 3954 Quod
1487 3887 1822 3940 confirmatur
1848 3890 1984 3942 libro
2014 3890 2107 3942 illo
2136 3893 2319 3944 incerti
2349 3897 2567 3946 auctoris
2595 3895 2653 3945 de

815 3972 1066 4040 Episcop.
1106 3971 1442 4037 Lindisfarn.
1487 3977 1539 4023 et
1575 3973 1824 4024 Dunehn.
1862 3973 1998 4043 apud
2041 3988 2251 4026 istan.
2282 3977 2338 4026 in
2375 3979 2657 4029 collectam

817 4059 880 4106 de
906 4055 1060 4106 rebus
1084 4055 1232 4105 Brit.
1265 4054 1405 4105 Edit.
1439 4070 1656 4107 nunni
1688 4055 1807 4108 vol.
1837 4058 1881 4109 1.
1913 4057 2063 4110 Tom.
2092 4058 2170 4109 11.
2194 4076 2313 4128 pag.
2343 4061 2468 4112 331.

686 4139 769 4205 (2)
808 4140 975 4192 Brun
993 4141 1138 4191 Hist.
1155 4141 1304 4191 Eccl.
1322 4139 1439 4190 Lib.
1457 4140 1551 4190 IV,
1573 4157 1619 4189 c.
1636 4138 1722 4191 2⁷.
1740 4156 1913 4209 seqq„
1941 4151 1996 4192 et
2025 4143 2082 4191 in
2107 4141 2304 4211 duplici
2334 4144 2449 4193 vita
2478 4158 2658 4211 eumq

817 4238 965 4275 nnn
986 4260 1007 4285 2
1032 4227 1087 4274 in
1106 4225 1442 4277 Edit..smrn.
1457 4252 1524 4264 —-
1542 4223 1788 4276 Ceterum
1805 4242 1938 4289 quae
1952 4225 2083 4276 faeta
2106 4243 2219 4278 esse
2243 4227 2508 4293 dicuntur,
2524 4219 2684 4297 por-2-¹
