2922 5195
1356 480 1436 538 55

363 658 507 722 talis
548 657 877 721 doctrinae
893 704 911 739 ‚
961 657 1246 746 legentes
1281 655 1386 718 vel
1427 652 1755 718 audientes
1798 657 2210 742 acquirimus,
2263 657 2415 723 dum

360 790 588 863 aperto
616 775 783 840 libro
802 822 821 858 ,
856 797 919 839 v.
952 799 1016 864 g.
1052 775 1224 839 beati
1250 786 1596 854 εΑΜυὲωε,
1634 795 1945 839 nexuum
1976 775 2185 841 virum
2217 799 2415 842 unum

363 892 514 957 duas
557 896 796 957 uxores
847 893 1140 957 habuisse
1181 892 1583 980 reperimus:
1642 913 1761 956 nos
1816 893 2091 958 maxime
2113 939 2133 974 ,
2184 896 2411 980 quibus

361 1010 829 1075 ecclesiasticae
872 1010 1042 1081 vitae
1101 1006 1561 1073 consuetudine
1622 1009 1816 1098 longe
1865 1008 2004 1075 fieri
2059 1010 2142 1073 ab
2196 1013 2410 1076 uxoris

363 1126 708 1216 complexu
728 1174 747 1208 ,
797 1141 865 1190 et
917 1125 1198 1190 coelibes
1247 1149 1507 1190 manere
1558 1127 1961 1215 propositum
2000 1142 2131 1210 est,
2179 1128 2235 1194 si
2279 1152 2414 1195 non

368 1244 563 1307 etiam
604 1242 686 1308 de
730 1244 828 1307 his
869 1257 936 1308 et
976 1242 1339 1329 hujusmodi
1387 1241 1577 1306 dictis
1609 1243 2022 1331 allegoricum
2048 1246 2410 1310 noverimus

362 1360 732 1448 exsculpere
789 1383 1043 1425 sensum
1065 1407 1085 1442 ,
1155 1361 1263 1447 qui
1318 1360 1625 1424 vivaciter
1678 1361 1943 1425 interius
1995 1360 2362 1450 castigando
2386 1409 2405 1443 ,

360 1468 716 1534 erudiendo
741 1517 777 1550 ‚,
813 1469 1210 1536 consolando
1275 1468 1484 1536 reficit
1516 1469 1582 1533 P»
1672 1470 1862 1536 Hunc
1909 1471 2101 1560 igitur
2154 1472 2360 1536 virum
2384 1518 2404 1553 ,

362 1583 521 1650 duas
583 1609 813 1651 uxores
878 1588 1225 1653 habentem
1247 1635 1266 1668 ,
1335 1588 1550 1674 typice
1587 1586 1938 1676 'designare
1996 1587 2155 1651 dicit
2209 1612 2407 1652 unmn

356 1700 764 1790 eundemque
813 1703 1167 1769 Dominum
1214 1726 1546 1769 culusum
1563 1751 1583 1787 ‚
1635 1702 2005 1794 Synagogae
2053 1705 2293 1795 pariter
2344 1720 2410 1771 et

357 1818 687 1885 Ecclesiae
735 1819 1236 1909 Redemptorem
1254 1868 1272 1903 ,
1317 1822 1790 1908 Rectoremque
1840 1844 2094 1911 semper
2146 1822 2408 1889 creden-

351 1934 530 2003 dum.
622 1938 868 2004 Amuu
922 1939 1095 2002 enim
1116 1984 1136 2019 ,
1209 1960 1370 2025 quae
1423 1947 1648 2029 gratia
1709 1937 1976 2019 dicitur,
2049 1939 2403 2035 Ecclesiam

347 2051 662 2120 denotare
681 2100 701 2135 ,
750 2076 1149 2120 rnnnxmum
1168 2101 1188 2136 ,
1239 2077 1399 2141 quae
1445 2062 1767 2123 conversio
1786 2102 1805 2138 ,
1843 2054 2245 2145 Synagogam
2277 2055 2398 2143 (1).

353 2171 585 2238 Cetera
606 2173 789 2257 hujus
819 2173 940 2236 viri
959 2219 979 2254 ,
1026 2188 1101 2236 ut
1130 2188 1197 2239 et
1228 2186 1434 2237 totum
1468 2186 1778 2241 exmufims
1808 2174 2047 2239 librum
2077 2174 2396 2262 priorem,

352 2311 526 2356 unns
565 2290 658 2354 ita
689 2290 976 2377 exponit,
1025 2304 1130 2371 ut,
1180 2310 1351 2354 «non
1389 2305 1523 2355 tam
1556 2289 1803 2377 priseae
1838 2290 2059 2355 aetatis
2083 2291 2360 2355 hominis
2376 2338 2395 2374 ,

355 2428 548 2495 quam
599 2406 812 2493 potius
851 2405 1160 2471 ecclesiae
1211 2406 1603 2473 Christianae
1654 2407 1987 2473 historiam
2036 2407 2248 2497 legere
2281 2432 2399 2497 pu-

349 2537 481 2588 tes»
503 2521 619 2611 (2).
657 2523 880 2613 Neque
905 2525 1163 2592 mirum.
1213 2523 1289 2587 Id
1310 2524 1482 2589 enim
1506 2548 1572 2590 se
1602 2548 1790 2615 agere
1811 2526 2048 2590 fatetur
2073 2547 2242 2589 mma
2265 2523 2395 2613 (3),

345 2657 421 2707 ut
470 2655 817 2707 smuizmu
872 2643 1309 2731 Evangelistae
1356 2665 1491 2710 non
1548 2644 1755 2710 minus
1775 2690 1795 2724 ‚
1846 2666 2039 2727 quam
2091 2642 2399 2706 Historici

345 2757 567 2822 officio
620 2758 914 2822 functum
964 2779 1095 2820 esse
1150 2758 1408 2844 probet.
1505 2754 1702 2834 Quod
1743 2750 1878 2817 non
1920 2777 2129 2841 pauco
2161 2752 2397 2821 sudore

344 2898 416 2940 se
461 2874 782 2955 effecisse,
835 2875 972 2962 ipse
1022 2873 1111 2937 ait
1141 2873 1209 2938 in
1240 2871 1649 2938 Praefatione
1689 2870 1771 2935 ad
1820 2871 2057 2938 librum
2106 2873 2389 2940 tertium.

342 2991 485 3061 Nec
516 3008 770 3076 tamen,
820 3005 892 3056 ut
946 2991 1028 3056 ab
1077 2990 1260 3076 hujus
1308 2990 1428 3056 viri
1478 2990 1763 3078 ingenio
1793 3004 1859 3054 et
1909 2989 2207 3054 doctrina
2248 2992 2394 3075 jure

342 3110 702 3195 meritoque
734 3122 1172 3196 exspectamus
1188 3153 1207 3189 ,
1247 3103 1685 3170 desiderantur
1712 3107 1979 3169 omnino
1997 3152 2015 3187 ‚
2077 3129 2237 3191 quae
2267 3131 2396 3172 me-

340 3227 518 3290 lioris
583 3226 779 3315 frug-is
839 3240 1007 3291 sunt.
1100 3226 1366 3290 Librum
1416 3239 1592 3289 certe
1654 3222 2008 3290 secundum
2061 3220 2392 3311 praecedit

339 3342 690 3432 disputatio
743 3341 1203 3430 chronologica
1219 3388 1238 3422 ,
1291 3364 1414 3426 qua
1455 3341 1796 3426 inquiritur
1825 3342 1895 3403 in
1925 3356 2203 3427 tempuS‚
2232 3351 2388 3426 ‘quo

339 3474 407 3525 et
430 3468 684 3523 smufin
710 3473 776 3523 et
809 3479 1048 3522 santus
1077 3456 1323 3544 populo
1351 3456 1705 3526 Israelitico
1735 3456 2168 3545 praefuerint?
2235 3457 2389 3524 Tres

333 3576 534 3642 libros
596 3574 959 3642 absolverat
1015 3596 1185 3639 mma
1238 3574 1431 3662 paulo
1493 3589 1640 3639 ante
1678 3575 1979 3640 -mo‘rtem
2037 3597 2389 3640 cnomvrunr

336 3692 635 3776 Abbatis,
688 3692 796 3780 qui
840 3715 1032 3757 senex
1050 3740 1069 3774 ,
1120 3714 1560 3758 numnam-no
1596 3715 1958 3758 successore
1998 3694 2344 3760 constituto
2363 3740 2382 3775 ,

372 3929 642 3998 -’.-(1)Α(1
667 3934 721 3984 1.
752 3932 897 3984 Sam.
926 3931 985 3995 Ι,
1022 3934 1052 3984 1
1077 3967 1094 3995 ,
1131 3932 1184 3983 2.

423 4014 508 4081 (2)
549 4013 735 4066 Verbis
786 4032 912 4065 usus
961 4032 1076 4065 snm
1120 4028 1493 4067 nonsummum
1541 4016 1689 4068 Hist.
1737 4018 1977 4084 Interpr.
2022 4015 2141 4066 libr.
2189 4013 2262 4067 N.
2313 4015 2381 4067 T.

550 4098 701 4151 Tom.
730 4099 798 4151 V.
825 4117 946 4168 pag.
974 4100 1195 4151 88—91.

424 4181 510 4249 (3)
549 4182 612 4234 In
643 4183 809 4237 Praef.
838 4185 901 4234 ad
937 4183 1054 4236 Lib.
1085 4184 1127 4234 Ι.
1157 4186 1213 4235 in
1247 4183 1571 4248 Samuelem,
1603 4200 1719 4252 pag.
1748 4182 1869 4236 168.
