2922 5195
1308 467 1387 529 15

324 648 458 712 tum
518 645 954 712 auxiliatorem
1012 661 1271 710 sanctae
1327 649 1545 712 matris
1597 652 1962 719 universalis
2015 658 2360 745 ecclesiae,

321 763 732 830 obedientem
792 763 1202 830 devotionem
1251 766 1401 831 huic
1448 785 1708 835 nostrae
1762 773 2186 842 exhortationi
2232 804 2366 845 non

323 882 576 947 desistas
629 882 1158 966 accommodare3
1223 883 1338 947 sed
1387 888 1624 974 absque
1667 889 1877 978 aliqua
1917 894 2368 965 immoratione

317 1000 679 1089 religiosum
713 1000 1022 1065 famulum
1054 1001 1177 1064 Dei
1210 1024 1428 1066 namu
1439 1050 1460 1084 ,
1485 1008 1863 1072 venerabilis
1883 1016 2253 1079 monasterii
2273 1018 2367 1080 tui

322 1115 809 1206 [presbyterum]
842 1116 955 1206 (1),
988 1117 1072 1182 ad
1097 1120 1456 1186 veneranda
1477 1123 1698 1188 limina
1719 1127 2182 1214 Apostolorum
2200 1136 2380 1223 prin·'

320 1238 540 1325 cipum
593 1259 886 1302 meorum
934 1260 1126 1302 parm
1171 1256 1237 1304 et
1286 1262 1484 1305 mum
1501 1289 1520 1323 ‚
1586 1259 1946 1310 amatorum
1993 1265 2248 1317 tuorum
2291 1263 2380 1322 acss

318 1370 757 1442 protectorum
774 1404 793 1438 ‚
839 1354 922 1419 ad
969 1370 1227 1422 nostrae
1274 1356 1736 1425 mediocritatis
1780 1381 2194 1453 conspectum
2236 1392 2372 1434 non

324 1473 593 1537 moreris
627 1470 924 1561 dirigere.
1021 1473 1233 1555 Quem
1274 1474 1527 1542 favente
1565 1476 1851 1545 Domino
1873 1529 1892 1564 ,
1940 1484 2187 1571 tuisque
2229 1510 2400 1551 san--

323 1588 442 1651 ctis
469 1589 768 1677 precibus
784 1636 804 1671 ‚
847 1613 982 1654 non
1016 1590 1263 1656 diffidas
1293 1616 1600 1681 prospere
1636 1595 1718 1659 ad
1743 1611 1808 1662 te
1840 1599 2078 1683 redire,
2111 1618 2382 1690 peracta

324 1704 816 1793 praemissorum
865 1708 1295 1795 capitulorum
1347 1732 1495 1808 cum
1553 1711 1785 1776 auxilio
1844 1714 1968 1779 Dei
2022 1715 2382 1786 desiderata?

323 1822 744 1888 solennitate.
823 1824 961 1887 Erit
989 1824 1211 1912 [enirn]
1235 1872 1254 1907 ,
1302 1841 1374 1889 ut
1407 1826 1787 1894 confidimus
1800 1878 1822 1911 ,
1873 1848 1939 1897 et
1972 1837 2217 1902 cunctis
2251 1840 2370 1904 tibi

327 1937 584 2004 creditis
617 1939 1020 2028 profuturum
1039 1989 1059 2024 ‚
1110 1940 1422 2031 quidquid
1471 1946 1779 2012 ecclesiae
1813 1952 2094 2037 generali
2131 1952 2370 2021 devoto

324 2073 545 2122 sancto
583 2057 858 2147 collegio
892 2059 1190 2123 claruerit
1220 2062 1753 2148 praestantissime
1783 2066 2217 2157 impertitum»
2243 2073 2367 2162 (2).

334 2233 337 2236 .
412 2175 509 2238 Ex
545 2175 642 2238 his
684 2175 878 2264 igitur
921 2176 1147 2240 Literis
1194 2193 1457 2266 apparet
1502 2203 1723 2246 naum
1743 2230 1762 2264 ,
1811 2200 2037 2273 utpote
2068 2190 2371 2256 eximium·

324 2294 421 2357 sui
470 2294 779 2381 temporis
827 2291 1164 2358 doctorem
1182 2342 1201 2376 ,
1253 2293 1333 2359 de
1377 2298 1792 2385 gravissimis,
1842 2317 1914 2366 ut
1948 2306 2370 2392 putabantur,

324 2411 796 2500 quaestionibus
847 2411 1182 2476 consilium
1233 2411 1560 2499 daturum,
1618 2440 1656 2481 a
1702 2418 1878 2507 Papa
1926 2424 2190 2488 Romam
2238 2449 2372 2492 esse

322 2530 712 2595 arcessitum.
808 2528 1198 2595 Gnummns
1220 2532 1559 2618 Malmesb.
1583 2581 1602 2618 ,
1640 2535 1770 2601 hoc
1799 2536 1950 2604 loco
1986 2543 2117 2627 ejus
2147 2541 2368 2609 laudes

322 2647 690 2730 celebrans,
743 2647 899 2730 «ita,
954 2649 1199 2736 inquit,
1243 2652 1379 2736 jam
1428 2653 1698 2718 celebris
1750 2672 1887 2720 erat
1926 2659 2135 2740 fama,
2185 2664 2370 2728 utin

321 2741 792 2853 quaestionibus
825 2764 1179 2829 enodandis
1207 2766 1525 2857 indigeret
1548 2792 1627 2833 eo
1659 2772 2011 2838 sublimitas
2041 2779 2364 2863 Romana,

321 2866 443 2947 nec
493 2904 649 2946 vero
702 2904 979 2968 unquam
1032 2883 1405 2948 Gallicanus
1454 2900 1671 2952 tumor
1716 2889 1958 2955 invenit
2004 2894 2073 2958 in
2121 2898 2369 2985 Anglo,

320 2990 495 3088 fluod
527 3014 818 3088 argueret
846 3001 1143 3068 merim.»
1235 3004 1435 3069 Caute
1464 3027 1653 3091 vem,
1697 3022 1770 3071 ut
1798 3010 1994 3094 solet,
2044 3012 2166 3078 hac
2196 3016 2266 3080 in
2296 3040 2368 3083 re

317 3115 736 3183 memoranda
782 3133 1088 3184 versatur.
1199 3118 1505 3202 Quamvis
1547 3124 1718 3189 enim
1764 3149 1985 3194 ennam
2029 3132 2367 3200 invitatum

399 3436 482 3504 (1)
521 3434 674 3486 Notat
710 3450 932 3487 ussurus
972 3438 1109 3505 apud
1153 3452 1376 3490 winus
1419 3442 1478 3489 in
1506 3443 1868 3509 antiquissimo
1909 3448 2247 3504 Cottonianae
2272 3455 2365 3506 bi..

527 3518 820 3570 bliotbecae
837 3517 1028 3572 Codice
1047 3556 1064 3585 ,
1090 3522 1304 3586 Anglo-
1314 3522 1593 3574 Saxonicis
1605 3522 1977 3579 characteribus
2002 3545 2204 3585 exarato
2222 3571 2239 3600 ,
2266 3536 2366 3590 hoc

527 3605 747 3658 verbum
786 3605 984 3657 dee‘sse.
1054 3606 1239 3674 Neque
1282 3608 1436 3658 etiam
1465 3617 1582 3659 ante
1614 3625 1809 3660 annum
1835 3612 1938 3662 702
1957 3650 1973 3677 ‚
2012 3624 2069 3664 ut
2095 3618 2322 3672 vidimus
2343 3659 2360 3687 ,

528 3689 804 3758 Presbyter
842 3688 1002 3741 factus
1045 3698 1139 3741 est.
1210 3689 1429 3743 Ssncws
1467 3703 1640 3743 autem
1681 3695 1812 3746 vixit
1853 3712 2019 3764 usque
2061 3698 2123 3749 ad
2166 3719 2364 3756 annum

400 3817 404 3821 ,
527 3772 647 3823 701.
720 3770 841 3822 vid.
873 3788 1055 3824 maon.
1088 3775 1143 3823 in
1172 3775 1376 3824 Annal.
1405 3774 1468 3824 ad
1499 3774 1639 3826 hunc
1664 3793 1859 3827 annum
1889 3780 1944 3829 in
1970 3782 2089 3835 init.

399 3855 480 3922 (2)
518 3855 592 3905 Ita
631 3854 764 3904 hanc
809 3855 1080 3923 epistolam
1111 3874 1177 3908 ex
1203 3857 1311 3909 MS.
1345 3873 1539 3911 ussum
1568 3862 1625 3909 in
1660 3861 1849 3927 Spelm.
1876 3866 2013 3933 apud
2043 3868 2215 3937 Episc.
2243 3874 2363 3923 As—

532 3953 732 3988 savem.
778 3936 1051 4006 descripsit
1092 3955 1314 3992 wrumts
1345 3944 1399 3992 in
1439 3944 1631 3996 Cone-il.
1662 3948 1851 4013 Magn.
1881 3953 2027 4003 Brit.
2058 3959 2109 4002 et
2135 3954 2361 4009 Hibern.

529 4020 698 4073 Lond.
738 4023 894 4074 1737.
940 4023 1054 4074 Vol.
1097 4025 1139 4076 Ι.
1183 4044 1239 4094 p.
1280 4026 1382 4088 63,
1430 4027 1515 4079 64.
1588 4029 1703 4080 Alia
1753 4032 1908 4084 lectio
1951 4037 2007 4084 in
2050 4036 2360 4102 quibusdam

526 4105 674 4158 MSS.
705 4108 760 4155 in
791 4105 933 4157 fine:
985 4108 1295 4178 «Quidquid
1320 4111 1566 4162 ecclesiae
1597 4114 1827 4180 generali
1858 4117 2096 4171 claruerit
2122 4139 2217 4233 per
2243 4125 2360 4193 ejus

526 4190 887 4257 praestantiam
922 4191 1030 4258 (vel
1058 4195 1426 4263 praesentiam)
1463 4196 1851 4265 impartitum.»
