2922 5195
1307 458 1387 516 95

324 643 397 706 In
463 662 595 725 quo
659 640 989 726 proposito
1050 658 1182 699 nou
1240 633 1607 715 dubitabat,
1671 636 1823 722 quin
1873 659 2377 705 cnonwnnrnum

329 762 612 848 Regem,
664 758 840 842 cujus
901 755 1293 844 propinquus
1343 768 1538 835 esset,
1597 755 2143 842 promptissimum
2192 759 2379 822 simul

330 896 395 944 et
423 877 924 942 strenuissimum
946 875 1271 938 habiturus
1301 889 1459 938 esset
1482 871 1841 959 adjutorem
1873 874 1994 963 (ι).
2061 875 2386 956 Quoniam

334 1012 544 1062 autem
589 1018 707 1083 per
759 994 1008 1081 Regum
1054 989 1575 1079 praecedentium
1622 992 1931 1056 incuriam
1979 1009 2044 1058 et
2091 992 2385 1060 donatio-

337 1138 449 1179 nes
505 1113 902 1177 stultissimas
966 1111 1206 1174 factum
1258 1125 1416 1174 esset
1434 1157 1452 1192 ,
1520 1126 1594 1174 ut
1646 1134 1781 1174 non
1824 1111 2012 1176 facile
2061 1111 2241 1177 locus
2282 1135 2389 1179 va-

336 1247 544 1315 caret,
596 1231 706 1295 ubi
748 1228 945 1294 Sedes
986 1227 1381 1319 Episcopalis
1423 1251 1590 1291 nova
1632 1227 1771 1292 fieri
1807 1244 2056 1317 posset,
2103 1253 2389 1296 commo-

342 1350 500 1414 dum
557 1347 768 1430 duxit,
818 1364 890 1411 ut
913 1395 932 1429 ,
1003 1346 1228 1411 habito
1296 1345 1527 1430 majori
1595 1345 1875 1410 concilio
1943 1361 2010 1410 et
2079 1368 2392 1413 consensu

341 1466 707 1532 Pontificali
748 1465 935 1531 simul
978 1479 1042 1529 et
1082 1463 1335 1554 Regali,
1380 1463 1561 1528 loeus
1596 1464 1821 1551 aliquis
1855 1465 2389 1530 monasteriorum

549 1696 822 1748 Malmesb.
859 1694 976 1744 Lib.
1005 1692 1048 1743 I.
1079 1691 1138 1741 de
1170 1691 1312 1741 Gest.
1341 1692 1479 1755 Reg.
1511 1691 1679 1755 Angl.
1715 1707 1770 1758 p.
1798 1688 1902 1753 24,
1941 1704 2232 1752 munuum,
2270 1692 2389 1759 pri-

549 1796 698 1830 mum
742 1777 989 1828 ecelesiae
1035 1772 1384 1825 Eboracensis
1427 1764 1764 1838 Antistitem,
1816 1774 2021 1842 insigne
2067 1772 2200 1822 illud
2241 1774 2392 1841 pallii

555 1861 620 1910 ab
650 1874 872 1913 110101310
914 1859 1050 1927 Papa
1091 1858 1381 1926 accepisse,
1435 1858 1525 1908 sed
1554 1858 1691 1910 Sede
1731 1858 1942 1928 pulsum
1972 1868 2024 1909 et
2050 1859 2395 1909 Bovecestrae

550 1944 697 1997 diem
739 1944 1019 1995 obeuntem
1042 1979 1057 2007 ,
1110 1941 1312 1992 ibidem
1353 1940 1645 2007 reliquisse.
1730 1941 1863 1988 Hine
1904 1941 2097 1988 factum
2140 1956 2289 2003 esse,
2338 1951 2398 1992 ut

550 2028 726 2097 plures
770 2038 887 2095 post
929 2043 1051 2076 eum
1096 2025 1206 2073 solo
1250 2024 1639 2091 Episcoporfium
1680 2022 1894 2071 nomine
1939 2031 2111 2072 essent
2144 2025 2396 2076 contenti.

552 2129 585 2160 α
606 2111 673 2162 At
701 2127 823 2162 vero
845 2145 860 2173 ,
901 2109 1073 2174 inquit
1094 2144 1108 2171 ,
1149 2121 1397 2157 sensurus
1427 2107 1754 2157 animosioris
1786 2107 1988 2175 ingenii
2016 2105 2175 2157 homo
2194 2142 2209 2170 ,
2241 2108 2395 2175 cogi-

546 2204 698 2257 tans,
752 2203 809 2242 ut
853 2191 1132 2261 superbum
1186 2199 1297 2252 est,
1352 2190 1396 2240 si
1446 2189 1657 2259 adpetes
1701 2192 1935 2242 indebita
1961 2227 1977 2253 ,
2031 2190 2101 2240 ita
2146 2192 2396 2258 ignavum

551 2294 664 2329 esse
683 2313 699 2340 ,
739 2277 780 2327 si
812 2274 989 2325 debita
1019 2273 1255 2340 negligas
1275 2309 1289 2336 ‚
1323 2273 1484 2323 multa
1512 2273 1665 2325 Sedis
1698 2274 2019 2342 Apostolieae
2048 2273 2396 2344 adpelletione

553 2360 778 2430 pallium
819 2350 1090 2427 reparavit.
1111 2374 1141 2404 »
1170 2384 1240 2394 —
1266 2354 1412 2423 'Quid
1451 2358 1649 2425 igitur?
1721 2358 1957 2408 Bssnume
2000 2359 2279 2409 eonsilium
2308 2377 2399 2411 se-

556 2455 704 2494 cutus
746 2454 824 2495 est
864 2455 1147 2505 uenturus,
1194 2459 1261 2491 an
1305 2442 1416 2510 ipse
1457 2441 1619 2510 hujus
1646 2441 1853 2493 consilii
1883 2453 2056 2494 auctor
2084 2444 2218 2508 fuit,
2261 2443 2396 2495 illud

552 2527 768 2593 quidem
787 2563 803 2591 ‚
850 2525 990 2593 quod
1035 2526 1266 2576 maxime
1311 2527 1370 2575 in
1413 2527 1547 2577 votis
1577 2537 1683 2576 erat
1703 2562 1719 2589 ,
1757 2528 1909 2577 amici
1942 2529 2239 2580 auctoritate
2268 2546 2401 2597 pro-

559 2608 705 2674 bari,
748 2610 1047 2677 populoque
1086 2608 1441 2659 commendari
1472 2609 1694 2661 volens?
1745 2610 2037 2687 Hoeguam
2066 2611 2198 2660 illud
2228 2612 2402 2678 potius

556 2691 888 2740 crediderim.
921 2689 989 2738 Ut
1003 2700 1061 2738 ut
1075 2703 1172 2753 est,
1212 2708 1275 2741 ex
1296 2691 1699 2741 continuatione
1719 2707 1876 2739 nunu:
1893 2694 2167 2756 Epitomes
2180 2703 2397 2757 constat,

563 2786 863 2833 tenturum,
917 2772 1010 2836 qui
1053 2788 1190 2819 anno
1231 2772 1336 2819 '732
1371 2772 1434 2820 ad
1477 2773 1842 2839 Episcopatum
1874 2776 2254 2825 Eboracensem
2294 2786 2402 2827 erat

559 2863 803 2916 evectus,
857 2868 964 2901 non
1014 2851 1172 2920 longo
1215 2862 1360 2920 post,
1416 2872 1554 2904 anno
1591 2873 1781 2925 nempe
1825 2858 1964 2922 735,
2016 2860 2246 2927 primum
2288 2872 2402 2928 post

555 2952 814 2989 munuum
856 2937 911 2985 in
958 2935 1472 3005 Archiepiscopatum
1516 2937 1881 2990 confirmatum
1920 2958 2034 2992 esse
2057 2978 2071 3005 ,
2111 2941 2399 2994 constitutis

557 3035 872 3071 rnulnnnmo
915 3029 966 3070 et
996 3034 1327 3070 rnumwnno
1360 3021 1651 3089 Episcopis.
1723 3023 1845 3074 Vid.
1876 3034 1926 3075 et
1962 3026 2151 3076 Ckron.
2189 3024 2318 3074 δατ.
2349 3036 2403 3076 et

557 3117 662 3154 sm.
694 3103 944 3152 Dunelm.
965 3137 982 3165 ,
1033 3102 1094 3150 de
1119 3102 1368 3167 Archiep.
1393 3103 1569 3173 *Ebora
1598 3103 1779 3168 Epist.
1812 3104 1911 3154 eol.
1942 3106 2028 3154 78.
2095 3105 2195 3154 Tu.
2224 3121 2400 3158 srunns

556 3190 679 3239 Act.
719 3189 878 3239 Pont.
918 3187 1085 3236 Ebor.
1123 3185 1222 3235 col.
1259 3186 1415 3238 1697.

438 3272 521 3340 (1)
564 3271 939 3323 Cnotwutrnus
971 3269 1064 3319 ille
1094 3285 1311 3337 regnare
1354 3271 1526 3339 coepit
1554 3286 1691 3319 anno
1719 3267 1856 3332 729,
1895 3271 2091 3337 «cujus
2118 3271 2299 3339 regni,
2342 3283 2401 3322 ut

556 3364 637 3406 est
665 3352 800 3420 apud
833 3367 999 3401 nsum
1032 3353 1183 3410 ‚Hiszfi
1216 3353 1336 3404 Lib.
1366 3353 1431 3405 V.
1461 3372 1509 3403 c.
1540 3354 1642 3415 24,
1690 3363 1741 3402 et
1770 3354 2025 3420 principia
2056 3366 2108 3405 et
2134 3372 2402 3423 processus

555 3446 630 3486 tot
659 3452 715 3483 ae
745 3434 900 3483 tantis
931 3432 1350 3483 redundaverunt
1387 3451 1560 3484 rerum
1596 3434 1976 3484 adversantium
2005 3437 2231 3487 motibus
2252 3474 2268 3502 ,
2306 3450 2363 3489 ut
2384 3475 2402 3503 ,

557 3517 686 3587 quid
717 3515 783 3565 de
812 3514 899 3564 his
928 3514 1081 3564 scribi
1111 3514 1329 3578 debeat,
1368 3533 1592 3583 quemve
1618 3515 1854 3566 habitura
1886 3518 1991 3567 sint
2021 3516 2187 3568 finem
2214 3521 2406 3588 singu-

559 3602 608 3653 le
628 3636 645 3668 ,
698 3598 924 3662 necdum
971 3598 1090 3648 seiri
1133 3598 1365 3650 valeat.»
1401 3628 1473 3640 —-
1504 3598 1627 3650 Octo
1672 3601 1831 3669 igitur
1871 3602 2023 3651 annis
2050 3614 2167 3670 post
2202 3606 2400 3672 regiam

565 3685 875 3753 dignitatem
933 3683 1188 3735 abdicavit
1210 3712 1234 3747 ‚-
1277 3685 1540 3753 vitamque
1592 3686 1928 3735 monasticam
1969 3685 2243 3756 amplexus
2287 3700 2397 3753 est,

562 3785 782 3838 regnum
850 3784 1106 3820 EADBRRTO
1162 3767 1488 3836 relinquens.
1575 3767 1697 3818 Vid.
1758 3768 2056 3820 Continuat.
2108 3772 2401 3838 EpitomeS.

565 3850 923 3901 Successorem
954 3860 1127 3900 autem
1156 3852 1271 3917 ejus
1303 3865 1505 3901 eumn.
1537 3851 1808 3903 Malmesb.
1830 3889 1845 3916 ,
1892 3855 2034 3904 Gest.
2064 3856 2200 3918 Reg.
2232 3860 2399 3921 Angl.

564 3934 685 3985 Lib.
729 3934 773 3985 Ι.
815 3953 870 4003 p.
915 3935 1019 3999 24,
1073 3946 1217 3998 vocat
1266 3950 1569 3999 renisurum,
1620 3937 1785 4004 patrui
1835 3936 1998 4006 ipsius
2044 3936 2255 4002 filium,
2307 3944 2401 4007 qui

565 4018 801 4086 ejusdem
852 4019 1081 4069 nominis
1122 4017 1305 4067 habuit
1344 4017 1587 4081 fratrem,
1645 4018 2107 4089 Archiepiscopum
2149 4022 2408 4076 Eboraci:
2465 4077 2471 4084 ,

562 4102 714 4154 Unde
745 4113 984 4172 apparet,
1021 4113 1399 4155 enoiwurruum
1431 4101 1626 4168 Regem
1658 4112 1706 4153 et
1739 4117 2004 4155 sensurum
2033 4105 2209 4156 fratres
2240 4106 2395 4158 fuisse

558 4186 832 4253 patrueles.
