2922 5195
1297 492 1380 554 73

314 671 856 759 Explanatz'onem
909 669 1240 756 Epis-telae
1282 692 1552 734 somms
1604 670 1937 736 maximam
1983 687 2231 761 partem
2280 694 2360 741 ex

314 788 614 852 Homiliis
686 810 1032 851 Ancusrnu
1101 808 1168 851 se
1237 790 1620 876 excerpsisse
1686 804 1952 857 testatur
1968 838 1987 872 ,
2054 792 2362 857 nonnulla

313 929 471 971 vero
522 904 604 969 ad
655 906 900 970 calcem
951 904 1033 969 de
1073 912 1190 968 'suo
1252 903 1553 990 adjecisse
1604 905 1725 996 (1).
1821 906 2098 972 Vexatus
2141 925 2358 974 autem

315 1023 496 1087 locus
585 1048 642 1090 1.
708 1024 898 1088 Joan.
963 1021 1059 1102 V,
1128 1047 1211 1110 7·‚
1281 1022 1362 1087 de
1422 1024 1622 1088 tribus
1691 1025 1775 1089 in·
1817 1025 2005 1091 coelo
2064 1025 2361 1110 testibus,

309 1142 464 1206 huic
517 1141 1001 1206 Commentario
1048 1138 1246 1205 deest.

402 1261 482 1323 In
516 1259 952 1346 „Apocahpsin
996 1281 1047 1323 S.
1098 1280 1455 1339 sonamus,
1504 1256 1654 1321 libri
1697 1258 1824 1323 III.

403 1378 583 1440 Bana
626 1400 695 1441 se
735 1378 907 1441 hunc
949 1377 1498 1440 Commentarium
1512 1422 1532 1455 ,
1575 1375 2029 1464 reperiundum
2059 1375 2127 1440 in
2160 1376 2358 1464 Oper.

313 1493 506 1559 Tom.
536 1493 622 1558 V.
663 1493 837 1559 Edit.
870 1495 1061 1563 Basil.
1099 1518 1167 1582 p.
1216 1493 1628 1576 1058-1138,
1665 1495 1897 1560 Colon.
1929 1519 1997 1583 p.
2031 1495 2358 1584 761-816‚

311 1627 544 1698 rogatu
563 1633 818 1677 nussim
844 1613 1276 1700 composuisse
1294 1628 1512 1676 narrat
1532 1613 1601 1687 in
1622 1612 2031 1677 Praefatione
2056 1612 2139 1677 ad
2161 1616 2361 1678 Actus

315 1729 778 1816 Apostolorum
798 1776 816 1810 ‚
866 1728 1201 1817 eidemque
1239 1730 1419 1793 illum
1445 1729 1786 1819 inscripsit.
1881 1732 1954 1795 In
1982 1731 2362 1822 explicanda

316 1862 529 1910 autem
553 1846 942 1935 Apocalypsi
974 1847 1259 1934 sequitur
1280 1863 1525 1935 septem
1551 1848 1796 1938 regulas
1816 1873 2131 1916 ‘rrcnonu
2149 1851 2363 1916 Dona-

315 1964 498 2028 tistae
517 2012 534 2046 ,
581 1986 770 2051 quem
815 1965 1024 2028 virum
1055 1964 1336 2053 adpellat
1385 1967 1555 2029 inter
1599 1988 1746 2029 suos
1777 1966 2266 2031 eruditissimum
2297 1984 2362 2032 et

312 2082 712 2170 ingeniosum
734 2129 752 2163 ,
804 2083 909 2169 qui
967 2081 1161 2144 veluti
1218 2104 1363 2145 rosa
1413 2082 1485 2145 in
1539 2082 1735 2170 spinis
1786 2081 2064 2148 effloruit
2112 2100 2358 2173 aperta.

314 2196 488 2278 Quas
517 2199 764 2288 regulas
801 2221 935 2262 non
966 2213 1214 2262 tantum
1247 2199 1317 2262 in
1351 2219 1621 2267 tonnus
1663 2200 2090 2289 Apocalypsi,
2138 2224 2364 2266 verum

317 2318 511 2381 etiam
560 2317 629 2379 in
687 2317 864 2380 omui
913 2316 1242 2403 Scriptura
1296 2316 1657 2398 Canonica,
1721 2333 1787 2381 et
1828 2319 2168 2409 praecipue
2217 2344 2365 2409 pro-

314 2422 573 2522 phetica
614 2434 884 2500 multum
921 2433 1134 2499 valere
1184 2434 1506 2522 opinatur.
1598 2432 1761 2498 satis
1807 2458 1961 2501 vere
2012 2446 2087 2502 et²
2124 2439 2363 2503 Catho-

314 2552 440 2619 lice
483 2552 564 2619 de
610 2554 998 2643 Apocalypsi
1044 2551 1407 2618 disseruisse
1453 2574 1842 2618 ‘rrcnoumu
1889 2571 2104 2643 putat,
2148 2556 2227 2620 iis
2271 2554 2367 2620 lo-

316 2671 408 2735 cis
423 2718 442 2752 ,
491 2672 587 2735 uti
642 2693 763 2758 par
820 2685 950 2751 est,
998 2670 1276 2759 exceptis
1295 2717 1314 2751 ,
1366 2672 1437 2733 in
1493 2672 1721 2755 quibus
1777 2693 2038 2733 suorum
2095 2671 2367 2734 schisma

318 2785 664 2850 defendere
711 2786 1054 2863 niteretur,
1104 2800 1168 2847 et
1205 2786 1679 2871 persecutiones
1696 2831 1715 2865 ,
1765 2807 1920 2869 quas
1964 2785 2081 2849 sub
2123 2808 2365 2851 vannu-

318 2925 591 2968 nmmo
638 2926 677 2966 a
716 2901 1063 2966 Catholicis
1093 2902 1258 2995 passi
1302 2917 1486 2967 erant
1514 2902 1923 2985 Donatistae,
1967 2919 2031 2968 et
2062 2905 2364 2993 martyria

317 3035 613 3101 vocaret,
663 3035 729 3085 et
771 3042 808 3083 a
851 3041 1101 3084 somna
1133 3017 1489 3107 praedictas
1524 3043 1657 3085 esse
1688 3020 2089 3109 gloriaretur.
2183 3021 2250 3087 N
2247 3046 2365 3086 on-

318 3138 529 3222 nulla,
560 3153 632 3200 ut
657 3136 923 3201 minoris
947 3134 1251 3225 ponderis
1267 3183 1286 3218 ,
1325 3136 1405 3200 ab
1426 3135 1548 3200 illo
1576 3136 1843 3219 omissa,
1893 3131 2141 3202 addidit
2167 3159 2357 3205 mnu.

317 3254 610 3320 Maximis
633 3253 928 3319 laudibus
953 3255 1083 3318 hoc
1111 3254 1489 3342 opusculum
1516 3254 2092 3323 extollit-mannus.
2152 3257 2368 3321 «Inter

319 3387 534 3436 cetera
575 3372 1081 3453 Commentaria‚
1126 3371 1363 3458 inquit,
1392 3370 1685 3457 quorum
1736 3371 1931 3457 adjuti
1978 3374 2211 3438 fuimus
2261 3372 2369 3439 ad-

316 3488 628 3555 miniculo
643 3535 664 3571 ,
714 3488 1075 3576 principem
1121 3483 1288 3575 apud
1331 3509 1436 3551 me
1479 3486 1757 3551 obtinuit
1791 3488 2013 3552 locum
2045 3485 2111 3553 et
2151 3495 2369 3555 aucto-

315 3610 570 3674 ritatem
602 3607 820 3697 ipsius
872 3589 1078 3670 nanu
1102 3649 1105 3652 -
1131 3604 1442 3694 glossema
1456 3654 1476 3689 ,
1541 3627 1669 3693 quo
1729 3628 1880 3672 sane
1928 3607 2171 3673 nullum
2214 3608 2370 3674 vidi-

317 3748 457 3790 mus
507 3725 848 3805 sinceriuS,
900 3722 1076 3812 quod
1115 3724 1325 3788 minus
1365 3723 1633 3788 haberet
1663 3723 2018 3790 affectatae·
2040 3719 2365 3791 culiosita·
2407 3763 2408 3766 κ

318 3844 398 3907 tis
416 3890 436 3925 ,
489 3841 662 3929 quod
692 3842 892 3930 magis
934 3857 1224 3929 argutum
1243 3889 1262 3924 ,
1300 3840 1613 3925 doctum,
1655 3841 1932 3907 solidum
1951 3892 1969 3926 ‚
2013 3861 2079 3910 et
2110 3843 2364 3910 erudito

403 4113 487 4186 (1)
523 4111 589 4165 In
616 4112 782 4165 Praef.
814 4113 888 4164 aa
911 4115 1036 4166 Act.
1067 4117 1254 4185 Apost.
1283 4116 1438 4187 epar.
1472 4116 1621 4168 rom.
1648 4083 1714 4166 νζ
1744 4114 1883 4169 aaa.
1910 4116 2065 4169 nasu.
2089 4134 2212 4188 pag.
2237 4120 2366 4185 862,

526 4196 711 4250 Colou.
749 4216 871 4267 pag.
902 4198 1021 4251 626.
2187 4213 2193 4218 ”
