2922 5195
1302 493 1384 557 89

416 674 611 738 Liber·
651 673 730 737 de
768 670 1241 760 Orthographia
1259 719 1277 752 ,
1329 668 1697 758 alphabetlzi
1741 669 1963 734 ordine
2007 671 2365 738 distinctus·

412 793 673 857 Librum
703 792 781 856 de
831 791 1342 884 orthographia,
1393 790 1502 877 qui
1548 789 1779 879 legitur
1826 791 1895 852 in
1945 788 2116 856 Edit.
2172 794 2361 857 Basil.

321 908 509 975 Tom.
555 912 608 975 I.
657 936 726 1001 p.
767 909 1006 998 73-98,
1052 908 1288 972 Colon.
1327 932 1395 995 p.
1435 906 1664 995 5372,
1699 909 1869 973 inter
1899 908 2368 974 Grammaticae

320 1029 590 1092 Latinae
619 1042 913 1092 auctores
936 1033 1236 1115 antiquos
1257 1024 1460 1090 edidit
1492 1049 1747 1115 quoque
1778 1048 1963 1090 nnus
1991 1048 2364 1109 pumenius,

325 1146 582 1210 Hanov.
623 1143 788 1209 1605
810 1193 830 1228 ,
879 1168 947 1233 p.
986 1142 1388 1232 2775-2803.
1485 1145 1611 1208 Hic
1647 1167 1804 1209 vero
1831 1145 2080 1208 incerto
2114 1144 2371 1210 cuidam

327 1264 577 1328 auctori
603 1263 785 1327 illum
831 1261 1135 1328 adtribuit
1157 1310 1176 1345 ,
1227 1278 1294 1327 et
1339 1262 1535 1325 alium
1568 1258 1845 1347 ejusdem
1881 1263 2157 1325 nominis
2182 1278 2371 1350 atque

324 1383 711 1471 argumenti,
761 1382 844 1445 ab
883 1380 1088 1444 altero
1130 1395 1347 1443 tamen
1387 1377 1707 1442 diversum
1727 1425 1744 1460 ,
1796 1400 1985 1464 quem
2025 1379 2371 1466 genuinum

325 1522 531 1564 manu
591 1522 753 1588 opus
815 1521 949 1562 esse
1014 1512 1260 1578 censet,
1333 1520 1411 1562 ex
1473 1496 1614 1561 MS.
1674 1506 1991 1561 normam
2042 1495 2372 1585 descripsit

323 1641 391 1705 p.
445 1615 856 1705 2327-2350.

410 1735 608 1799 Liber·
634 1735 714 1798 de
744 1732 1021 1798 Metriea
1051 1747 1226 1814 arte5
1271 1749 1338 1799 et
1363 1734 1511 1797 kuic
1544 1732 1831 1822 adjectus
1868 1733 2035 1797 alius
2076 1732 2157 1797 de
2186 1733 2373 1798 Sche-

323 1852 632 1934 matibuS,
682 1859 813 1917 sive
853 1854 1081 1940 Tropis
1127 1852 1405 1934 lib-ellac,
1455 1852 1522 1917 h.
1555 1877 1612 1917 e.
1654 1852 1735 1916 de
1761 1853 2010 1939 figuris
2048 1852 2375 1941 modisque

318 1970 733 2049 locutionum,
783 1970 1011 2058 quibus
1046 1972 1373 2057 Ser-zptura
1404 1971 1641 2035 Sancta
1673 1982 1977 2032 contexta
2008 1982 2124 2032 est.

409 2088 628 2150 Exstat
665 2086 917 2149 libellus
955 2086 1036 2149 de
1068 2087 1343 2150 Mettica
1369 2097 1509 2149 arte
1545 2086 1715 2149 inter
1741 2085 1938 2174 Oper.
1969 2084 2142 2150 Edit.
2181 2085 2372 2151 Basil.

322 2204 512 2269 Tom.
563 2205 617 2270 Ι.
681 2227 748 2293 p.
819 2201 1057 2285 34·58,
1119 2204 1353 2268 Colon.
1418 2227 1487 2291 p.
1552 2202 1779 2281 25-42.
1876 2201 2128 2266 Prodiit
2182 2203 2382 2269 etiam

320 2323 487 2388 inter
512 2345 813 2387 rurscnn
833 2320 1101 2386 Veteres
1129 2320 1597 2385 Grammaticos
1624 2344 1736 2410 op.
1764 2322 1810 2387 l.
1849 2346 1917 2411 p.
1954 2320 2331 2388 2350·2383
2350 2371 2369 2406 ,

321 2457 386 2507 et
425 2465 574 2530 pars
625 2444 759 2527 ejus
805 2439 1180 2529 praefigitur
1221 2441 1495 2526 Hymnis
1548 2464 1586 2505 a
1635 2463 1994 2506 cAssmnno
2044 2439 2263 2526 editis,
2310 2457 2377 2507 et

319 2559 488 2626 inter
537 2559 824 2648 ejusdem
871 2559 1123 2649 Opera,
1174 2558 1428 2625 Parisiis
1481 2561 1671 2627 1616.

413 2679 691 2744 Libellus
751 2679 832 2739 de
895 2678 1330 2742 Schematibus
1392 2694 1457 2743 et
1517 2680 1596 2741 de
1663 2682 1892 2764 Tropis
1944 2693 2148 2743 exstat
2212 2680 2378 2743 inter

325 2795 523 2882 Oper.
545 2791 719 2857 Edit.
743 2792 934 2857 Basil.
961 2793 1153 2856 Tom.
1173 2792 1225 2856 Ι.
1254 2815 1324 2880 p.
1350 2791 1576 2881 59-73,
1606 2793 1839 2858 Colon.
1868 2818 1936 2881 p.
1958 2792 2188 2877 42-53,
2218 2795 2376 2859 item

324 2913 494 2976 inter
537 2910 839 2976 Rhetores
879 2933 1208 2976 maxumo.
1248 2934 1519 2976 mmom
1558 2935 1625 3001 p.
1671 2911 1983 2991 342-355.
2078 2913 2379 2979 Seorsum

322 3031 517 3095 etiam
562 3028 807 3117 prodiit
854 3029 1142 3093 Venetiis
1196 3028 1360 3093 1522
1382 3078 1402 3111 ,
1453 3029 1686 3095 deinde
1742 3055 1890 3096 cum
1944 3034 2248 3121 exemplis
2298 3056 2377 3099 ex

320 3170 690 3211 Aneusrmo
717 3162 782 3210 et
805 3168 1302 3229 CHRYSOSTOMO,
1333 3146 1630 3211 collectis
1647 3170 1765 3236 per
1793 3170 2377 3217 BAnrnonomum

328 3268 426 3332 W
420 3266 856 3330 estheimerum
880 3314 900 3347 ,
953 3265 1237 3332 Basileae
1298 3264 1502 3349 15363
1553 3264 1828 3354 denique
1870 3267 2124 3332 Parisiis
2179 3266 2369 3355 1599.

320 3386 432 3447 «In
469 3385 598 3447 hoc
628 3384 834 3463 libro,
877 3383 967 3445 ait
1001 3405 1217 3445 s1x‘rns
1255 3386 1542 3446 Sinensis
1569 3384 1699 3471 (1),
1745 3384 2040 3449 adversus
2065 3387 2368 3471 Graec-08,

323 3504 430 3592 qui
470 3502 823 3593 gloriantur
873 3524 941 3565 se
991 3515 1327 3589 troporum
1366 3500 1558 3566 fuisse
1605 3518 1964 3590 repertores
1981 3552 2000 3585 ,
2052 3505 2330 3569 ostendit
2349 3555 2368 3590 ‚

321 3621 483 3685 nihil
525 3617 889 3705 hujusmodi
938 3635 1314 3708 troporum,
1364 3620 1761 3684 schematum
1804 3644 1881 3685 ac
1921 3620 2266 3711 figurarum
2306 3625 2370 3688 in

321 3741 569 3828 scriptis
632 3739 1017 3804 Graecorum
1067 3739 1374 3822 inveniri,
1427 3739 1601 3827 quod
1660 3763 1792 3805 non
1834 3740 2026 3831 longe
2077 3757 2261 3808 antea
2303 3743 2371 3806 in

326 3857 397 3923 S.
448 3857 672 3921 Literis
718 3856 908 3920 fuerit
954 3857 1318 3923 usitatum.»

412 4086 495 4156 (1)
539 4089 635 4161 Op.
663 4095 750 4145 cit.
783 4093 900 4145 Lib.
932 4094 1022 4145 IV.
1051 4113 1167 4163 pag.
1201 4094 1319 4146 219.
1353 4092 1417 4144 C.

1147 4250 1571 4274 W
