2922 5195
1530 501 1612 562 28

538 682 709 749 Deus
758 682 1054 761 donavit,
1111 679 1236 743 illis
1279 678 1675 743 distribuam.
1785 680 2030 743 Divites
2085 697 2298 747 autem
2344 684 2410 748 in
2448 683 2577 747 hoc

536 801 754 864 seculo
812 822 1035 864 aurum
1099 815 1164 862 et
1215 811 1545 886 argentum
1564 844 1582 878 ,
1649 811 1715 860 et
1769 796 1891 861 alia
1951 819 2236 884 quaeque
2293 801 2588 888 preciosa

537 916 794 982 student
843 915 1029 981 dare:
1091 938 1212 1005 ego
1263 931 1478 979 autem
1525 937 1673 978 cum
1716 914 1917 980 multa
1955 916 2216 980 caritate
2252 932 2317 980 et
2350 916 2591 1006 gaudio

534 1035 833 1099 fratribus
879 1033 1036 1098 meis
1071 1032 1277 1116 dabo,
1329 1031 1507 1120 quod
1547 1033 1720 1097 Deus
1757 1031 2088 1098 dederat.»
2161 1034 2243 1098 Et
2273 1035 2590 1099 allocutus

506 1136 520 1146 ⁶
540 1168 635 1217 est
666 1175 1183 1239 unumquemque
1217 1149 1354 1239 (1),
1394 1174 1664 1215 monens
1698 1166 1764 1216 et
1796 1151 2139 1216 obsecrans
2171 1175 2293 1241 pro
2328 1174 2408 1216 eo
2437 1153 2591 1217 Mis-

537 1291 637 1334 sas
670 1270 997 1333 celebrare
1019 1267 1147 1357 (2),
1187 1286 1253 1333 et
1283 1270 1605 1360 orationes
1639 1267 1977 1358 diligenter
2004 1268 2253 1334 facere:
2287 1268 2461 1358 quod
2494 1269 2588 1332 illi

536 1387 814 1452 libenter
859 1388 1345 1477 spoponderunt
1391 1387 1508 1476 (3).
1589 1388 1914 1476 Lugebant
1971 1403 2183 1451 autem
2232 1402 2297 1452 et
2350 1385 2591 1452 flebant

539 1529 799 1589 omnes»,
850 1507 1122 1570 maxime
1168 1504 1344 1594 quod
1387 1504 1667 1587 dixerat,
1715 1506 1864 1592 quia
1895 1505 2163 1594 amplius
2192 1505 2423 1571 faciem
2454 1508 2591 1590 ejus

538 1624 605 1688 in
641 1624 857 1690 seculo
891 1626 1020 1689 hoc
1068 1648 1203 1690 non
1245 1640 1454 1688 essent
1485 1624 1678 1687 visuri
1712 1622 1831 1712 (4).
1916 1622 2301 1689 Gaudebant
2334 1638 2545 1688 autem
2568 1670 2587 1706 ,

538 1743 685 1828 quia
733 1741 922 1806 dixit:
984 1743 1302 1829 «Tempus
1349 1759 1444 1807 est
1466 1790 1484 1824 ,
1540 1759 1612 1806 ut
1656 1759 1938 1807 revertar
1985 1742 2069 1807 ad
2111 1767 2256 1807 eum
2276 1790 2296 1825 ‚
2343 1743 2455 1830 qui
2486 1764 2592 1806 me

539 1858 727 1942 fecit,
775 1859 879 1946 qui
938 1881 1041 1922 me
1086 1858 1357 1940 creavit,
1405 1860 1517 1944 qui
1575 1882 1680 1922 me
1737 1883 1815 1922 ex
1864 1860 2067 1924 nihilo
2116 1861 2419 1925 formavit
2467 1858 2588 1948 (5).

540 1975 819 2043 Multum
894 1993 1141 2064 tempus
1210 1976 1332 2039 vixi
1354 2023 1372 2057 ,
1439 1976 1605 2039 bene
1669 1976 1826 2038 mihi
1893 1976 2035 2065 pius
2112 1974 2315 2040 Judex
2390 1977 2594 2043 vitam

545 2118 755 2161 meam
793 2092 1143 2184 praevidit,
1191 2109 1441 2185 tempus
1493 2092 1898 2157 resolutionis
1947 2116 2128 2168 meae
2166 2098 2391 2177 instat,
2445 2095 2597 2182 quia

546 2214 739 2302 cupio
790 2212 1046 2278 dissolvi
1101 2229 1166 2278 et
1226 2235 1360 2278 esse
1412 2235 1561 2277 cum
1622 2235 1896 2276 cmusro
1950 2211 2102 2302 (6)».
2188 2211 2295 2277 Sic
2349 2227 2416 2277 et
2474 2212 2594 2279 alia

545 2331 745 2397 multa
806 2330 899 2419 (7)
962 2330 1214 2396 locutus
1286 2332 1353 2395 in
1405 2332 1679 2415 laetitia,
1737 2329 1906 2396 diem
1971 2354 2171 2418 usque
2230 2330 2312 2396 ad
2368 2354 2592 2420 vespe-

619 2645 705 2716 (1)
742 2645 878 2697 Haeo
904 2645 1059 2714 paulo
1089 2643 1242 2695 aliter
1269 2659 1384 2695 mn.
1434 2642 1635 2695 Desunt
1662 2644 1799 2713 opud
1829 2661 1952 2696 eum
1979 2643 2136 2695 verba
2164 2643 2372 2696 Divites
2398 2673 2469 2685 —
2496 2645 2595 2696 de-

752 2730 933 2793 derat,
978 2729 1079 2779 its:
1112 2727 1428 2778 distribuam
1443 2764 1460 2791 ,
1493 2728 1637 2795 quod
1660 2745 1778 2778 cum
1807 2732 2026 2779 tremore
2045 2730 2193 2796 feci,·
2225 2733 2277 2779 et
2295 2731 2594 2796 praesenti-

752 2813 880 2876 bus,
914 2813 1021 2862 illis
1050 2812 1256 2862 locutus
1284 2816 1358 2862 est
1393 2813 1467 2862 ad
1488 2829 1600 2875 eos,
1631 2828 2048 2879 unumquemque
2073 2823 2173 2865 cet.
2242 2813 2361 2865 Post
2384 2814 2596 2865 dederat

752 2908 864 2944 nt..
898 2908 1117 2959 quoque
1161 2891 1320 2941 habet
1362 2898 1413 2942 et
1448 2894 1543 2943 hoc
1586 2909 1703 2942 cum
1746 2898 1967 2944 tremore
1996 2897 2139 2960 feci,
2185 2895 2272 2947 vel
2306 2896 2628 2972 secundum·

754 2974 910 3024 aliam
938 2974 1218 3023 lectionem
1234 2976 1389 3039 fecit.

623 3059 708 3129 (2)
755 3058 1020 3110 celebrare
1048 3056 1197 3107 deest
1224 3056 1359 3126 apud
1387 3073 1497 3110 sm.
1526 3057 1678 3111 Dun.
1708 3074 1823 3111 m„
1851 3070 1905 3111 et
1933 3074 2049 3111 mn.

546 3134 550 3138 Α
621 3146 708 3214 (3)
754 3146 820 3196 Se
839 3148 1088 3214 facturos
1117 3144 1511 3211 responderunt.
1548 3142 1670 3195 Bia.

624 3232 709 3300 (4)
749 3232 984 3301 Maxi-me
1010 3244 1043 3276 a
1071 3224 1250 3290 verbo',
1282 3228 1423 3293 quod
1447 3228 1686 3278 dixerat:
1715 3231 1848 3294 quia
1879 3231 2204 3292 aestimavit,
2242 3230 2385 3296 quod
2399 3231 2597 3296 faciem

756 3316 874 3382 ejus
902 3329 1007 3362 mm
1035 3311 1198 3360 multo
1229 3313 1456 3378 amplius
1487 3313 1543 3361 in
1569 3312 1662 3361 hoc
1690 3314 1859 3364 seculo
1887 3316 2061 3364 visuri
2087 3317 2269 3364 essent.
2304 3312 2428 3364 Bia.
2477 3313 2598 3365 Non

757 3399 827 3448 ita
855 3395 993 3448 male
1016 3433 1030 3459 ,
1076 3395 1401 3464 eandemque
1424 3431 1441 3458 ,
1487 3405 1544 3445 ut
1571 3406 1699 3464 puto
1719 3433 1735 3460 ,
1778 3397 1847 3447 ob
1875 3414 2080 3448 causam
2099 3434 2115 3461 ,
2159 3414 2253 3448 our
2281 3413 2431 3466 supra
2465 3395 2602 3464 (vid.

754 3501 874 3552 pag.
903 3482 974 3533 26
1002 3481 1088 3533 κιο.
1120 3481 1215 3548 10)
1247 3482 1495 3549 scriptum
1525 3481 1621 3532 sit:
1669 3496 1796 3532 unns
1839 3483 1987 3532 nobis
2016 3482 2311 3545 videbatur,
2352 3495 2415 3531 ns
2442 3495 2599 3532 roan

756 3570 952 3617 exitum
981 3582 1136 3615 suum
1166 3566 1289 3615 bene
1314 3568 1484 3615 sciret.

625 3649 710 3718 (5)
748 3648 885 3700 Haeo
917 3662 1159 3699 maenus
1188 3648 1289 3697 ita:
1345 3665 1375 3695 «
1393 3647 1623 3714 Tempus
1651 3656 1763 3709 est,
1797 3647 1839 3696 si
1870 3646 1944 3696 sio
1973 3647 2170 3699 Factori
2205 3665 2326 3699 meo
2355 3647 2600 3712 videtur,

755 3740 813 3780 ut
841 3730 903 3780 ad
930 3745 1051 3779 eum
1077 3729 1234 3780 modo
1262 3728 1527 3780 absolutus
1561 3744 1626 3778 ex
1650 3744 1807 3778 carne
1834 3728 2043 3779 veniam
2061 3764 2078 3792 ,
2110 3730 2201 3795 qui
2232 3746 2319 3780 mo
2338 3766 2355 3793 ,
2387 3730 2600 3800 quando

755 3829 864 3862 non
892 3829 1030 3872 eram
1053 3848 1068 3874 ,
1101 3829 1166 3862 ex
1195 3810 1364 3861 nihilo
1391 3810 1651 3861 formavit.
1669 3829 1700 3860 »

624 3897 708 3967 (6)
748 3895 844 3946 Pro
876 3900 1076 3963 tempus
1100 3896 1432 3945 resolutionis
1455 3922 1526 3934 —
1561 3895 1764 3945 Christo
1794 3897 1863 3947 ita
1886 3909 2160 3948 nunnus:
2191 3914 2221 3944 «
2240 3893 2472 3965 Tempus
2499 3897 2602 3949 ab·-

759 3979 1028 4031 solutionis
1064 3996 1211 4030 meae
1250 3995 1409 4049 prope
1445 3989 1543 4031 est.
1620 3979 1826 4030 Etenim
1853 3980 2026 4030 anima
2055 3997 2171 4031 mea
2200 3979 2459 4032 desiderat
2484 3981 2597 4033 Re·-

706 4131 712 4137 ‚
762 4082 883 4132 gem
910 4080 1089 4116 meum
1120 4078 1373 4115 cnmsrun
1397 4063 1455 4113 in
1496 4063 1678 4116 decore
1709 4081 1802 4115 suo
1830 4063 2024 4115 videre.
2044 4081 2075 4111 »

630 4144 712 4211 (7)
750 4147 936 4197 Inserit
967 4162 1211 4199 nummus
1236 4157 1351 4215 post
1381 4149 1579 4199 multa:
1617 4149 1869 4198 utilitatis
1897 4163 2058 4198 causa
2082 4149 2155 4198 ad
2180 4154 2415 4200 nostram
2444 4147 2594 4199 aedi-

748 4230 1053 4294 ficationem
1087 4233 1291 4282 Iocutus
1311 4266 1327 4295 ,
1365 4232 1500 4283 diem
1536 4232 1780 4284 ultimum
1808 4235 1864 4283 in
1889 4233 2096 4288 laetitia
2122 4249 2288 4301 usque
2306 4269 2323 4297 ,
2353 4241 2450 4286 cet.
