2922 5195
1264 496 1345 559 75

283 694 409 735 non
467 685 580 735 est.
677 672 1100 759 Epistolarum
1124 720 1141 754 ,
1193 696 1350 760 quas
1403 695 1596 760 supra
1648 672 1729 737 ab
1769 675 1910 762 ipso
1957 697 2122 739 mans
2162 675 2328 741 indi-

282 804 454 854 catas
486 810 621 853 esse
654 787 929 853 vidimus
948 838 967 872 ,
998 790 1271 879 primam
1311 789 1572 878 quidem
1603 806 1669 854 et
1702 789 1996 855 ultimam
2025 792 2333 858 habemus

280 905 652 971 incolumes.
769 907 957 971 Illam
1023 930 1103 972 ex
1163 908 1434 995 antiquis
1502 907 1689 974 MSS.
1757 908 1944 996 petiit
2006 925 2073 973 et
2132 908 2334 977 edidit

278 1044 581 1087 wsmus
600 1070 619 1105 ,
671 1023 940 1088 Dubliu.
986 1024 1189 1107 16643
1238 1025 1512 1113 repetita
1555 1049 1710 1090 vero
1754 1042 1851 1091 est
1892 1047 1927 1090 a
1957 1049 2332 1093 marono

279 1139 555 1205 Londin.
605 1141 770 1227 1698
803 1164 870 1229 p.
913 1139 1232 1224 241-251,
1266 1157 1332 1206 et
1360 1142 1704 1233 inscripta:
1786 1122 2095 1232 ⁶Epi-stola
2124 1154 2335 1211 nunu

280 1257 645 1343 Presbyteri
675 1259 1120 1348 Apologetica‚
1170 1283 1244 1323 eo
1284 1259 1458 1347 quod
1497 1260 1975 1324 insinuelaretur
2003 1285 2047 1324 a
2080 1261 2334 1350 quibus·

279 1375 428 1439 dam
488 1375 569 1439 de
627 1375 948 1441 aetatibus
998 1377 1197 1440 seculi
1248 1398 1376 1455 non
1433 1388 1603 1441 recte
1653 1383 1950 1444 sensas-se.
2044 1376 2335 1442 Eandem

281 1508 501 1557 autem·
524 1494 693 1563 hanc
730 1516 896 1575 esse,
949 1516 1140 1581 quam
1167 1502 1337 1559 mam
1367 1508 1722 1576 memoret,
1760 1507 1825 1559 et
1856 1508 2063 1560 totum
2098 1495 2337 1582 probat

284 1612 418 1696 ejus
455 1627 894 1699 argumentum
915 1658 934 1693 ,
986 1626 1053 1675 et
1104 1610 1328 1676 Codex
1374 1613 1839 1693 MertonensiS,
1901 1612 2062 1676 haec
2094 1612 2290 1676 verba
2311 1648 2353 1694 ‚-

281 1751 319 1793 a
346 1742 624 1793 wsnuzo
646 1750 789 1793 ¹non
823 1702 1123 1815 recepta,
1173 1728 1234 1792 ei
1278 1726 1619 1814 adjiciens:
1713 1729 2007 1817 Explicit
2035 1729 2333 1816 Epistola

279 1868 488 1913 mimz
510 1845 875 1931 Presbyteri
889 1891 908 1926 ,
947 1844 1041 1907 ad
1060 1866 1458 1912 rtnewumu
1475 1891 1496 1928 ,
1523 1844 1604 1909 de
1625 1868 1746 1909 sea:
1769 1845 2090 1911 aetatibus
2106 1842 2329 1915 seculi}

280 1961 632 2051 Scripserat
666 1963 967 2029 nimirum
1003 1962 1285 2049 quinque
1326 1962 1509 2027 ¹annis
1541 1976 1702 2027 ante
1730 1962 1970 2026 librum
2000 1961 2184 2027 illum
2218 1961 2331 2028 mi·

279 2103 506 2145 norem
549 2080 631 2145 de
676 2078 1123 2166 Temporibus,
1173 2077 1256 2143 de
1292 2084 1420 2166 quo
1466 2078 1635 2143 infra
1667 2077 2048 2145 videbimuS.
2143 2077 2333 2145 Com·

280 2195 549 2285 putandi
600 2218 756 2260 vero
805 2172 1007 2277 ratio,
1071 2219 1262 2284 quam
1316 2196 1408 2260 ibi
1455 2196 1775 2283 sequitur,
1833 2218 1970 2263 non
2031 2195 2333 2265 omnibus

280 2313 629 2400 aequaliter
661 2312 938 2400 placuit:
987 2313 1109 2376 hac
1147 2326 1324 2377 certe
1356 2310 1440 2376 de
1475 2334 1661 2377 causa
1697 2334 1917 2381 coram
1951 2334 2327 2396 wamma,

280 2428 465 2495 Sedis
493 2430 556 2493 Ε
561 2429 925 2493 bor-acensis
954 2414 1258 2495 Antistite
1273 2477 1293 2511 ,
1342 2429 1515 2496 inter
1555 2428 1948 2519 epulandum
1987 2431 2076 2497 ab
2111 2429 2331 2499 invido

281 2545 562 2636 quodam
592 2548 926 2613 haereseos
950 2562 1279 2613 accusatus
1312 2561 1431 2613 est.
1527 2544 1674 2630 Qua
1700 2546 1783 2614 de
1799 2548 2130 2616 calumnia
2147 2569 2331 2618 ⁴:asoa

274 2688 393 2753 per
423 2687 822 2731 rucwuun
838 2666 975 2729 sive
987 2688 1379 2731 rtncwnuu
1400 2668 1789 2731 umnachum
1817 2669 2057 2734 certior
2074 2666 2293 2731 factus
2306 2713 2327 2750 ,

280 2781 496 2846 statim
542 2782 690 2869 huic
742 2781 986 2845 Literas
1020 2781 1287 2845 remittit
1302 2828 1321 2862 ,
1360 2783 1433 2844 in
1469 2782 1697 2868 quibus
1727 2797 1928 2846 semet
1963 2782 2101 2871 ipse
2141 2782 2333 2875 culpa

278 2898 554 2966 liberare
591 2896 835 2979 studet,
886 2897 1248 2986 malamque
1282 2898 1550 2963 miratur
1586 2899 2063 2964 calumniatoris
2092 2898 2287 2966 fidem
2306 2947 2327 2985 ,

275 3039 560 3108 quocum
596 3018 837 3105 quippe
876 3017 1083 3081 amice
1114 3032 1180 3085 et
1196 3099 1197 3102 Ἴ
1213 3018 1491 3107 ingenue
1534 3017 1616 3083 de
1659 3019 1973 3083 sententia
2023 3029 2138 3085 sua
2178 3042 2330 3085 con·

273 3135 592 3203 fabulatus
649 3149 812 3200 erat.
909 3164 937 3195 κ
961 3133 1244 3217 Verum,
1302 3134 1538 3222 inquit,
1586 3133 1762 3221 quod
1810 3134 1983 3222 ipse,
2049 3135 2331 3220 quisquis

277 3269 451 3337 erat,
499 3254 767 3319 fraterni
821 3254 1056 3318 amoris
1113 3252 1399 3318 officium
1436 3254 1629 3317 vertit
1671 3254 1741 3318 in
1791 3251 2011 3316 odium
2060 3252 2332 3317 aemula·

275 3370 470 3437 tionis
490 3416 509 3450 ,
558 3375 866 3457 supernus
911 3369 1288 3433 Moderator
1326 3371 1435 3436 ‹ini
1461 3417 1481 3449 ,
1525 3374 1694 3453 justa
1736 3370 2034 3436 mercede
2054 3419 2072 3451 ‚
2121 3369 2333 3436 lucem

279 3503 571 3552 ostensae
606 3479 890 3550 veritatis
923 3487 1241 3550 convertit
1273 3486 1340 3550 in
1373 3486 1669 3549 tenebras
1702 3508 1938 3552 coecae
1979 3485 2333 3551 falsitatiS.»

276 3605 434 3674 suas
483 3627 684 3694 porro
736 3605 1017 3672 rationes
1068 3602 1412 3669 defendere
1464 3618 1733 3670 conatur
1748 3650 1766 3685 ,
1818 3577 2056 3692 quippe
2103 3625 2334 3669 conve-

278 3724 525 3790 nientes
580 3721 809 3787 Codici
866 3722 1160 3787 Hebraeo
1178 3770 1196 3805 ,
1248 3744 1381 3787 non
1438 3744 1596 3786 vero
1632 3720 1807 3784 LXX
1839 3720 2292 3812 interpretibus
2310 3770 2330 3805 ,

276 3838 551 3925 ideoque
599 3839 755 3904 tales
776 3886 801 3924 ,
847 3857 918 3908 ut
958 3840 1183 3905 Literis
1241 3840 1451 3908 Sacris
1485 3815 1636 3929 ipsis
1662 3888 1680 3922 ,
1731 3862 1849 3927 per
1906 3839 2335 3910 Christianum

275 3957 692 4044 interpretem
740 3980 818 4023 ex
872 3957 1303 4022 Hebraeorum
1337 3958 1552 4046 lingua
1600 3958 1924 4023 conversis
1939 4005 1957 4039 ,
2006 3957 2292 4019 nitantur
2308 4005 2328 4041 ‚

276 4073 647 4163 neutiquam
698 4074 990 4141 Iudaicis
1048 4076 1717 4166 interpretationibus,
1770 4074 1871 4140 vel
1933 4073 2331 4163 Chronogra-

276 4195 550 4282 phorum
600 4195 987 4283 imperitiae,
1044 4194 1235 4260 fidem
1272 4197 1575 4262 habeant.
1672 4196 1831 4262 Tum
1881 4195 2032 4282 ipsis
2080 4194 2288 4260 verbis
2310 4244 2327 4276 ,
