2922 5195
1310 484 1394 543 37

315 668 433 728 hac
499 657 684 727 simul
734 665 976 727 ratione
1038 664 1367 726 literarum
1438 665 1569 725 vim
1629 662 2092 728 declarantem:
2173 667 2360 731 Pater

312 783 564 846 Patriae
587 780 908 862 PerdituS,
936 780 1259 869 Sapientia
1286 780 1518 844 Secum
1552 781 1814 845 Sublata
1832 830 1850 862 ‚
1880 782 2044 846 Ruet
2066 782 2358 871 Regnum

310 901 585 982 Romae,
629 900 830 964 Ferro
860 899 1148 963 Flamma
1180 898 1401 963 Fama.
1498 898 1744 979 Quibus
1791 898 2057 981 auditis,
2098 923 2355 966 omnem

306 998 612 1105 populum
656 1020 1009 1082 Romanum
1058 1016 1335 1079 maximo
1386 1040 1535 1080 eum
1574 1018 1823 1082 honore
1868 1016 2134 1106 dignum
2173 1040 2357 1106 prae-

308 1134 548 1199 dicasse
568 1182 587 1215 ,
638 1149 704 1198 et
737 1133 1033 1221 singulari
1075 1134 1148 1197 V
1135 1133 1477 1198 enerabilis
1508 1137 1769 1199 nomine
1808 1136 2197 1224 insignivisse
2227 1135 2350 1222 (1).

308 1251 488 1315 Haec
544 1273 698 1314 vero
745 1250 1025 1315 narratio
1080 1252 1306 1315 nititur
1355 1250 1511 1315 falsa
1562 1252 1674 1315 illa
1731 1252 2070 1340 opinione,
2134 1275 2351 1317 numm

305 1370 539 1433 Romae
580 1368 806 1433 fuisse.
903 1368 1033 1431 Alii
1095 1384 1307 1433 autem
1376 1370 1717 1458 perhibent
1734 1417 1753 1452 ‚
1821 1392 1970 1448 eum
2042 1392 2174 1434 non
2234 1372 2352 1434 nisi

300 1487 493 1574 paulo
523 1504 670 1551 ante
697 1501 971 1551 mortem
992 1486 1102 1551 illa
1129 1484 1558 1575 adpellatione
1582 1509 1715 1552 esse
1742 1492 2086 1554 ornatum.'
2113 1487 2354 1553 Dicunt

298 1623 533 1693 nempe
593 1626 739 1669 eum
755 1653 774 1687 ‚
845 1627 1037 1691 quum
1069 1627 1217 1693 ·per
1274 1621 1672 1670 senectutem
1728 1628 1959 1671 coecus
2022 1622 2184 1672 esset
2202 1653 2221 1689 ‚
2281 1608 2349 1670 in

299 1722 517 1786 locum
566 1720 907 1809 quemdam
925 1770 943 1803 ,
994 1744 1123 1808 quo
1179 1723 1360 1786 multi
1405 1720 1650 1811 lapides
1703 1723 1771 1786 in
1835 1746 2129 1789 acervum
2194 1746 2348 1787 con·

299 1839 457 1925 gesti
503 1854 744 1920 essent,
795 1836 1110 1926 discipulo
1162 1837 1440 1925 quodam
1488 1837 1685 1922 duce,
1734 1840 2128 1927 pervenisse}
2173 1841 2345 1904 hunc

295 1955 552 2035 suasisse
593 1957 896 2044 magistro
916 2002 934 2039 ,
983 1969 1055 2017 ut
1098 1956 1295 2019 verba
1341 1955 1584 2020 faceret
1629 1955 1712 2018 ad
1758 1956 2069 2043 populum
2085 2002 2104 2037 ‚
2155 1977 2345 2042 quem

293 2072 498 2136 multo
563 2073 818 2137 silentio
877 2088 943 2135 et
1008 2075 1481 2160 exspectatione
1540 2095 1769 2162 magna
1833 2073 1923 2136 ibi
1988 2071 2343 2137 adstantem

292 2187 591 2277 fingeret3
641 2205 777 2253 tum
827 2191 1035 2254 virum
1094 2188 1399 2253 Sanctum
1446 2190 1805 2254 orationem
1850 2210 2087 2278 magno
2150 2190 2344 2254 animi

292 2304 523 2372 ardore
549 2308 841 2370 habuisse
873 2306 1399 2395 elegantissimam
1415 2353 1434 2388 ‚
1483 2330 1671 2394 quam
1713 2330 1907 2395 quum
1948 2308 2174 2372 usitata
2202 2308 2336 2372 for-

292 2424 464 2488 mula
494 2425 934 2489 conclusisset:
985 2454 1010 2479 α
1025 2423 1150 2490 Per
1179 2403 1413 2490 omnia>
1437 2424 1647 2506 secula
1688 2425 2125 2507 seculorum3»
2167 2425 2334 2489 hanc

283 2567 512 2610 vocem
557 2541 824 2610 edidisse
861 2541 1134 2632 lapides:
1228 2543 1477 2609 «Amen
1495 2591 1515 2626 ,
1548 2541 1945 2609 Venerabilis
1973 2563 2177 2608 Bam»
2203 2541 2327 2631 (2).

286 2664 500 2748 Hujus·
535 2663 789 2727 fabulae
838 2677 1130 2726 narrator
1182 2662 1393 2725 aliam¹
1421 2663 1483 2726 ei
1539 2660 1862 2749 adjungit,
1928 2683 2006 2723 ex
2060 2681 2184 2746 qua
2239 2659 2329 2721 ef-

282 2781 510 2844 feceris
530 2828 549 2861 ,
600 2803 820 2844 annau
865 2779 1078 2841 statim
1133 2792 1281 2863 post
1333 2776 1580 2839 obitum
1619 2776 1748 2857 hoc
1792 2782 2156 2863 cognomen
2200 2797 2332 2840 esse

285 2910 568 2960 nactum.
662 2894 980 2959 Nimirum
1019 2907 1269 2974 narrat,
1306 2890 1650 2978 quemdam
1677 2894 1929 2976 exejus
1975 2889 2330 2982 discipuliS,

285 3037 478 3101 quum
532 3012 816 3078 defuncti
866 3011 1148 3099 magistri
1197 3010 1492 3099 sepulcro
1547 3032 1809 3075 carmen
1860 3011 2190 3076 leoninum
2226 3013 2323 3075 in-

281 3133 562 3197 scribere
606 3129 1030 3195 constituisset
1045 3175 1064 3208 ,
1106 3128 1199 3190 sic
1227 3127 1570 3214 incepisse:
1668 3128 1810 3190 Hac
1839 3140 1992 3190 sunt
2012 3134 2081 3189 in
2094 3128 2292 3213 fossa
2300 3154 2327 3209 ,·

365 3367 449 3433 (1)
487 3367 562 3417 Ita
589 3382 735 3417 som.
765 3380 913 3417 uuus
940 3367 1001 3414 de
1029 3368 1219 3430 Antiq.
1259 3367 1507 3416 cantabr.
1537 3366 1707 3416 Acad.
1737 3382 1855 3432 pag.
1883 3365 2003 3415 104.
2032 3379 2317 3420 mactmus

485 3461 778 3500 asumma
825 3447 884 3495 de
932 3448 1103 3496 Gestis
1141 3448 1351 3508 Regum
1395 3448 1645 3509 Aug-liae.
1718 3461 1772 3496 11.
1807 3460 2090 3496 spumant
2143 3449 2316 3498 Gloss.

416 3590 421 3593 .
482 3529 762 3582 Archaeol.
813 3527 978 3578 Lond.
1011 3528 1165 3579 168⁷.
1210 3529 1269 3578 in
1311 3542 1433 3579 voce
1481 3528 1823 3578 Venerabilis.
1884 3541 1928 3577 J.
1961 3541 2004 3578 s.
2054 3542 2315 3581 norman

481 3615 658 3665 Lexic.
696 3613 853 3663 Univ.
885 3610 1033 3661 Tom.
1064 3610 1106 3660 I.
1136 3612 1196 3660 in
1223 3604 1345 3661 voce
1376 3624 1523 3660 anns.
1615 3630 1616 3633 ¹

357 3700 439 3767 (2)
480 3699 674 3750 Psrnus
701 3711 928 3758 nouum.
954 3697 1011 3745 in
1040 3695 1355 3744 Sanctorum
1386 3694 1661 3758 catalogo,
1688 3697 1745 3746 in
1771 3696 1873 3745 vita
1902 3708 2078 3746 asan.
2118 3695 2304 3750 nanos.

426 3828 427 3831 ,
475 3782 514 3832 l.
544 3780 583 3831 l.
614 3781 705 3830 no.
736 3778 920 3831 XXIV.
949 3807 1018 3819 --
1047 3777 1436 3845 Quodammodo
1465 3777 1616 3829 aliter
1630 3776 1719 3827 alii
1739 3812 1756 3840 ‚
1788 3779 1878 3844 qui
1896 3789 2099 3829 nunant
2115 3795 2300 3843 nunu,

478 3880 617 3919 cum,
640 3861 968 3913 concluderet
1008 3860 1092 3911 his
1136 3862 1340 3912 verbis:
1396 3862 1550 3913 «Hoc
1595 3863 1746 3912 nobis
1779 3872 2031 3929 praestare
2061 3862 2306 3930 dignetur

478 3947 625 3997 Pater
664 3956 714 3997 et
746 3944 910 3995 Filius
950 3955 1000 3994 ct
1036 3945 1258 4013 Spiritus
1287 3946 1342 3997 S.
1362 3965 1392 3994 ι)
1414 3983 1428 4008 ,
1466 3945 1795 4012 respondisse
1826 3944 2041 3996 Sanctos
2073 3944 2301 4010 Angelos

480 4030 536 4077 in
578 4031 693 4077 ae‘re
733 4028 989 4078 dicentes:
1048 4026 1238 4087 Amen.
1310 4029 1428 4077 vid.
1485 4029 1792 4093 compilatio
1841 4030 2083 4079 Chronol.
2123 4029 2177 4076 in
2211 4030 2303 4077 Il·-

474 4112 627 4160 lustr.
664 4111 719 4159 V
714 4116 833 4160 eter.
871 4110 1122 4175 Scriptor.
1155 4114 1213 4162 de
1239 4113 1389 4162 rebus
1426 4112 1754 4160 Germanicis
1785 4109 1934 4159 Tom.
1965 4108 2004 4157 I.
2037 4126 2155 4177 pag.
2181 4111 2307 4160 72⁷.

480 4195 706 4245 Francos.
737 4196 891 4245 1583.
971 4262 975 4267 .
