2922 5195
1332 481 1365 502 t-

1340 503 1357 539 Ι

313 672 629 727 terrarum
678 665 1068 750 possessione
1114 682 1284 725 novo
1334 662 1499 749 regis
1552 659 1724 723 dono
1771 663 2100 752 insigniter
2138 683 2362 748 aucta,

310 768 584 847 alterum
638 779 925 846 condidit
969 779 1424 845 monasterium
1473 801 1687 842 muno
1739 781 2053 869 Apostolo
2104 781 2360 848 dedica-

313 915 482 981 tum,
531 899 596 962 in
637 900 820 982 loc0,
866 900 968 964 cui
1016 914 1172 963 tunc
1221 921 1458 962 nomen
1514 900 1777 983 Gyrwy,
1827 898 2022 964 hodie
2063 902 2352 984 Jarrow,

299 1021 478 1101 juxta
531 1019 760 1082 Tinam
802 1016 1063 1081 fluvium
1095 1016 1215 1104 (1).
1311 1016 1668 1103 Utrumque
1710 1019 2166 1081 monasterium
2199 1022 2358 1082 rexit

307 1145 738 1214 nnunmc‘mS,
771 1134 933 1198 duos
954 1150 1169 1198 tamen
1195 1134 1478 1198 Abbates
1497 1182 1515 1216 ‚
1545 1151 1966 1199 GBOLFRIDU'M
2003 1150 2067 1199 et
2096 1157 2368 1201 nsua«

306 1272 542 1317 wmmu
588 1253 710 1317 sibi
757 1253 1097 1317 submissos
1142 1253 1470 1316 constituit
1492 1301 1511 1335 ,
1579 1267 1651 1315 ut
1674 1301 1693 1335 ,
1753 1268 1913 1316 teste
1963 1277 2130 1317 immi
2155 1301 2173 1336 ,
2233 1278 2361 1318 una

307 1369 630 1458 utriusque
677 1371 808 1435 loci
846 1394 972 1460 pax
1022 1386 1089 1435 et
1128 1369 1515 1453 concordia,
1566 1368 1794 1434 eadem
1832 1386 2141 1459 perpetua
2180 1370 2359 1434 fami-

305 1486 541 1552 liaritas
604 1505 1085 1554 conservaretur
1136 1504 1202 1552 et
1255 1489 1493 1579 gratia3
1563 1486 1853 1574 adeoque
1897 1502 2033 1552 tum
2091 1502 2360 1577 propter

314 1626 728 1670 communem
765 1608 1078 1695 originem
1120 1623 1186 1671 et
1213 1607 1511 1670 locorum
1543 1605 1844 1670 viciniam
1864 1653 1883 1687 ,
1924 1621 2062 1668 tum
2087 1606 2364 1668 maxime

314 1723 403 1787 ob
448 1747 647 1788 unum
700 1723 1001 1813 idemque
1045 1725 1331 1813 regimen
1360 1772 1379 1806 ,
1438 1737 1854 1810 mutuumque
1897 1722 2364 1787 monachorum

310 1857 691 1906 consensum
755 1857 823 1906 et
884 1842 1343 1906 commercium
1369 1888 1387 1923 ‚
1475 1863 1678 1905 unum
1742 1841 1812 1903 in
1883 1839 2134 1905 duobus
2201 1841 2362 1905 locis

230 2005 237 2015 .
310 1958 596 2046 positum
636 1956 1103 2025 monasterium
1133 1960 1367 2025 rectius
1405 1957 1535 2023 dici
1569 1974 1783 2047 posset
1811 1958 1930 2045 (2).
2027 1959 2061 2021 J
2065 1980 2169 2021 am
2206 1979 2363 2022 vero

523 2309 661 2359 quee
700 2293 759 2343 in
788 2290 898 2341 fine
940 2293 1093 2343 tradit
1136 2308 1296 2356 mam,
1344 2312 1400 2362 p.
1429 2295 1571 2358 239,
1599 2294 1737 2358 240,
1785 2310 2106 2348 ononi-mnu!
2143 2296 2359 2348 Abbatis

529 2374 760 2425 officium
800 2374 1117 2425 ministrasse
1158 2392 1319 2426 annos
1362 2377 1571 2444 triginta
1600 2378 1870 2446 quinque,
1909 2381 1998 2432 vel.
2010 2381 2192 2445 potius
2221 2397 2367 2445 qua-

521 2458 775 2522 draginta
800 2461 926 2521 tre-⁴5,
961 2457 1166 2525 (vocem
1189 2460 1333 2509 enim
1350 2461 1741 2525 quadraginta,
1773 2462 1914 2529 quod
1940 2465 1995 2512 in
2024 2463 2149 2513 edit.
2166 2478 2361 2513 wum-

527 2555 642 2593 ron.
684 2539 1031 2606 desideratur,
1077 2542 1322 2592 omissam
1366 2559 1479 2592 esse
1515 2553 1726 2612 apparet
1766 2561 1833 2594 ex
1875 2559 2031 2595 smru
2073 2562 2194 2614 pag.
2225 2546 2355 2613 302)

518 2628 649 2694 quia
704 2640 880 2692 nempe
936 2641 971 2674 a
1017 2628 1194 2691 primo
1247 2631 1508 2693 tempore,
1550 2642 1653 2693 quo
1684 2641 1991 2678 nnnsmcrus
2021 2629 2076 2676 in
2117 2628 2359 2677 honorem

508 2710 770 2776 principis
798 2709 1176 2774 Apostolorum
1205 2725 1359 2758 suum
1389 2711 1600 2759 condere
1629 2712 1794 2774 coepit
1818 2712 2223 2771 monasterium,
2256 2711 2364 2774 ipse

522 2792 608 2842 ille
642 2806 805 2841 comes
833 2795 884 2839 et
911 2794 1249 2856 comper-ator
1278 2792 1479 2840 aderat.
1548 2790 1683 2840 Haec
1713 2806 1860 2840 num.
1893 2790 2045 2840 Anno
2071 2799 2244 2840 autem
2258 2791 2361 2842 716
2406 2805 2410 2809 ’

523 2887 826 2925 nonninus
855 2870 998 2923 diem
1026 2872 1188 2937 obiit,
1228 2883 1284 2924 ut
1311 2873 1455 2925 idem
1486 2872 1579 2925 ille
1610 2883 1793 2925 narrat.
1863 2873 2040 2943 Itaque
2066 2892 2131 2925 ex
2144 2874 2229 2926 his
2243 2875 2364 2925 satis

517 2966 656 3008 certo
671 2957 806 3007 effici
822 2972 973 3026 posse
991 2957 1283 3008 existimem
1304 2994 1321 3022 ,
1359 2956 1579 3009 alterum
1594 2959 1966 3009 monasterium
1981 2969 2095 3010 octo
2110 2974 2363 3009 annorum

519 3040 793 3093 intervallo
819 3051 935 3110 post
961 3040 1179 3091 alterum
1205 3039 1474 3092 conditum
1501 3056 1634 3092 esse.
1683 3040 1740 3094 Si
1768 3043 1888 3110 quis
1912 3059 2033 3092 cum
2048 3055 2362 3093 ammone

520 3124 605 3191 (in
646 3126 770 3175 Aci.
800 3123 995 3175 Bened.
1027 3123 1067 3173 l.
1099 3123 1164 3190 l.)
1201 3140 1267 3174 ex
1299 3125 1635 3192 inscriptione
1668 3142 1818 3195 supra
1847 3135 2128 3176 memorata
2157 3125 2360 3192 probari

519 3208 684 3273 velit,
731 3208 1103 3259 monasterium
1142 3222 1183 3256 s.
1211 3221 1360 3258 uum
1399 3210 1672 3258 Girviense
1705 3207 1835 3258 circa
1875 3224 2073 3257 annum
2113 3207 2215 3257 680
2247 3222 2362 3256 esse

518 3292 824 3356 conditum,
864 3290 1129 3359 siquidem
1169 3307 1336 3342 annus
1365 3292 1468 3343 684
1511 3302 1720 3358 quartus
1761 3303 1838 3343 est
1866 3304 2137 3345 osonum
2160 3325 2177 3353 ,
2214 3306 2359 3339 non-

519 3375 661 3425 nihil
696 3374 789 3424 hic
832 3375 996 3424 oritur
1036 3373 1371 3424 difficultatis.
1444 3374 1513 3425 At
1540 3392 1599 3424 ea
1627 3376 1742 3426 tolli
1768 3386 1947 3426 tamen
1974 3373 2357 3440 quodammodo

515 3454 720 3506 videtur
739 3490 755 3517 ,
794 3456 838 3504 si
869 3456 1144 3523 ponimus,
1183 3469 1506 3505 onotrmnun
1528 3457 1641 3522 jam
1668 3456 1813 3507 illius
1841 3457 2141 3507 monasterii
2174 3457 2359 3508 Abba-

515 3548 623 3589 tem
661 3536 991 3606 designatum
1019 3537 1180 3588 fuisse
1210 3537 1474 3605 aliquanto
1502 3546 1619 3587 ante
1648 3552 1807 3605 quam
1836 3540 1950 3609 ipso
1979 3555 2195 3590 munere
2225 3540 2358 3591 fun-

515 3629 740 3688 geretur.
820 3617 961 3670 Hanc
1005 3618 1410 3688 disputationem
1454 3620 1499 3670 si
1529 3619 1649 3687 quis
1679 3621 1897 3672 minoris
1925 3621 2132 3673 fortasse
2154 3624 2359 3691 judicet

510 3704 698 3773 pretii,
752 3704 810 3754 in
852 3713 1085 3756 mentem
1125 3712 1328 3755 revocet
1347 3741 1363 3768 ‚
1417 3719 1612 3772 quaeso
1632 3739 1648 3769 ‚
1686 3721 1845 3771 quam
1872 3704 2023 3757 facile
2052 3705 2185 3759 levis
2215 3724 2356 3760 error

512 3788 769 3855 graviores
800 3787 986 3856 pariat.

382 3868 468 3937 (1)
504 3870 566 3920 In
600 3871 850 3922 Chronico
877 3872 1064 3922 incerti
1088 3872 1321 3922 auctoris
1350 3864 1931 3939 thiibiensis'traditur
1950 3876 2156 3944 Gyrwy
2173 3884 2353 3942 quarto

517 3970 547 4001 a
603 3953 928 4003 Novocastro
991 3953 1330 4022 (Newcastle)
1387 3955 1614 4007 miliario
1656 3957 1856 4009 abesse.
1941 3959 2093 4012 ὅου.
2139 3972 2352 4009 nuum

518 4037 706 4103 Antiq.
732 4039 792 4087 de
824 4038 975 4088 rebus
1003 4038 1149 4091 Brit.
1172 4039 1494 4089 Collectanea
1516 4038 1642 4090 edit.
1661 4057 1763 4090 sec.
1783 4055 2000 4091 annun
2018 4038 2185 4090 Lond.
2200 4041 2354 4092 1774.

517 4119 637 4171 Vol.
674 4119 768 4172 ΙΙΙ.
804 4121 956 4173 Tom.
993 4123 1045 4173 4.
1080 4141 1203 4193 pag.
1238 4121 1328 4174 42.

324 4230 329 4233 ·
390 4203 471 4273 (2)
512 4201 575 4255 In
607 4203 751 4255 Hist.
784 4205 842 4254 de
868 4207 991 4256 vitis
1020 4207 1155 4258 Abb.
1190 4205 1250 4257 L.
1283 4206 1325 4259 1.
1357 4224 1477 4274 pag.
1512 4204 1649 4268 22¹7,
1691 4216 1738 4257 et
1773 4204 1832 4255 L.
1863 4204 1929 4256 ΙΙ.
1962 4224 2080 4275 pag.
2107 4206 2224 4258 234.
