2922 5195
1499 489 1582 548 36

528 684 778 760 pererat
822 669 1218 750 hominibus»,
1268 671 1419 754 quin
1459 669 1580 730 hae
1626 670 1889 732 omuino
1933 692 2141 734 mmm
2189 690 2397 738 essent
2431 677 2574 738 reli-

529 793 711 877 quiae
740 789 856 876 (1).

618 907 669 971 F
674 929 966 971 nummus
994 919 1238 986 narrat,
1272 905 1548 993 legatum
1580 903 1920 991 quemdam
1944 921 2346 989 extraneum,
2383 931 2581 995 quum

531 1024 840 1090 ducentos
877 1024 1012 1087 fere
1058 1038 1400 1110 antequam
1442 1023 1752 1086 scriberet
1804 1045 2002 1087 annos
2053 1026 2431 1089 Dunelmum
2474 1026 2582 1090 ad-

528 1143 798 1207 venisset
816 1189 835 1224 ‚
902 1163 1203 1230 magnum
1258 1138 1417 1204 illud
1482 1140 1915 1227 sumtuosique
1970 1142 2181 1230 operis
2241 1144 2541 1208 scrinium
2565 1192 2584 1224 ‚

532 1284 663 1349 quo
705 1283 1075 1324 cumanam
1124 1280 1355 1347 corpus
1410 1259 1861 1323 continebatur
1885 1306 1905 1340 ‚
1976 1258 2205 1324 adiisse
2252 1275 2444 1347 atque
2497 1261 2588 1323 ita

534 1381 819 1444 locutum
886 1400 1059 1443 esse:
1132 1376 1237 1440 «Si
1290 1392 1358 1440 tu
1419 1375 1687 1441 Sanctus
1746 1400 1813 1441 es
1830 1425 1848 1459 ,
1917 1399 2182 1464 precare
2244 1401 2366 1466 pro
2423 1401 2585 1443 me.»

533 1496 699 1560 Tum
745 1518 903 1562 vero
954 1493 1038 1559 ad
1093 1493 1331 1559 humile
1386 1517 1593 1559 mnan
1656 1494 2018 1582 sepulcrum
2068 1518 2136 1559 se
2194 1496 2583 1566 convertisse

527 1614 627 1678 his
666 1614 905 1679 verbis:
974 1611 1103 1677 «Tu
1122 1660 1140 1695 ,
1182 1614 1431 1701 optime
1464 1635 1665 1694 anm,
1710 1612 1978 1678 Sanctus
2005 1636 2108 1696 es,
2154 1636 2421 1701 precare
2457 1629 2578 1703 pro

535 1755 674 1795 me»
727 1732 849 1819 (2).

620 1848 720 1912 De
778 1848 1024 1936 origine
1072 1850 1473 1937 cognominis
1541 1848 1980 1931 Venerabilis,
2046 1872 2175 1936 quo
2229 1850 2421 1939 vulgo
2471 1849 2584 1914 ad-

532 1964 803 2052 pellatus
857 1979 951 2029 est
970 2011 989 2046 ‚
1038 1964 1250 2028 variae
1297 1978 1442 2027 sunt
1489 1965 1862 2030 sententiae.
1956 1965 2265 2028 Nonnulli
2314 1964 2537 2029 dicunt
2555 2014 2581 2049 ‚.

534 2104 680 2146 eum
736 2104 853 2170 per
906 2102 1201 2170 magnam
1245 2081 1414 2146 vitae
1472 2095 1721 2169 partem
1772 2081 1901 2145 hoc
1959 2082 2345 2170 cognomine
2395 2105 2584 2146 usum

534 2222 691 2265 mse.
786 2199 1030 2264 Ferunt
1065 2198 1276 2281 enim,
1323 2222 1521 2285 quum
1558 2200 1793 2263 Romae
1826 2214 2023 2280 esset,
2070 2199 2291 2286 ibique
2328 2214 2586 2288 portam

537 2314 783 2380 videret
816 2318 1130 2400 ferream,
1180 2319 1245 2381 in
1296 2340 1415 2404 qua
1461 2318 1583 2381 hae
1631 2317 1898 2399 literae,
1946 2318 2022 2382 P.
2065 2318 2142 2384 P.
2175 2317 2253 2383 P.
2304 2316 2374 2383 S.
2410 2316 2477 2381 S.
2511 2316 2579 2383 S.

539 2432 620 2497 R.
674 2432 755 2496 Β.
807 2432 887 2497 Β.
942 2432 1018 2498 F.
1071 2432 1144 2497 F.
1195 2432 1271 2498 F.
1320 2435 1596 2520 scriptae
1641 2449 1883 2514 essent,
1934 2456 2086 2519 quas
2135 2456 2329 2498 nemo
2378 2449 2593 2522 posset

544 2550 860 2641 explicare
879 2549 971 2639 (3)
991 2597 1010 2633 ‚
1047 2572 1192 2615 eum
1216 2549 1303 2615 ibi
1330 2547 1717 2638 aliquamdiu
1739 2549 1979 2614 stetisse
2007 2551 2587 2639 contemplantem3

504 2666 606 2734 ‘et
646 2671 929 2734 Romano
984 2667 1262 2756 quodam
1313 2683 1616 2758 rogante:
1714 2664 1925 2747 «Quid
1970 2652 2273 2755 adspicis»,
2320 2669 2596 2756 Anglice

540 2788 658 2850 bos
682 2787 748 2849 Ρ»
809 2786 1209 2875 respondisse
1229 2810 1249 2850 ι
1344 2784 1840 2850 «confusionem
1897 2800 2170 2851 vestram
2227 2784 2512 2874 adspicio
2532 2810 2552 2868 3
2569 2817 2604 2843 ι

631 3046 720 3113 (1)
756 3045 888 3099 Gur..
933 3047 1205 3099 Malmesb.
1262 3048 1335 3098 de·
1382 3049 1556 3100 Gestis
1594 3049 1802 3116 Pontis.
1847 3008 2019 3114 Angl.
2063 3049 2200 3118 apud
2245 3049 2435 3118 Seript.
2479 3061 2596 3118 post·

751 3145 920 3184 ntum
961 3134 1189 3200 praeeip.
1237 3132 1354 3183 Lib.
1403 3131 1499 3183 111.
1547 3149 1665 3200 pag.
1714 3132 1835 3183 278.
1919 3132 2120 3185 anon
2170 3133 2422 3183 Dunelm.
2467 3131 2505 3182 1.
2549 3133 2586 3183 l.

748 3214 938 3266 colum.
975 3217 1065 3266 33.
1120 3216 1383 3281 Decerpta
1410 3231 1478 3263 ex
1504 3212 1644 3264 libro
1687 3216 1867 3263 incerti
1896 3216 2118 3264 auctoris
2146 3216 2206 3264 de
2236 3217 2420 3280 Episc.
2450 3217 2595 3266 Lin-

751 3296 979 3362 diesem.
1011 3297 1069 3345 in
1098 3309 1312 3346 ntum
1347 3297 1626 3345 Gollectan.
1658 3294 1777 3347 Vol.
1792 3295 1834 3345 1.
1867 3314 1986 3363 pag.
2010 3296 2132 3347 378.
2159 3325 2230 3336 --
2261 3298 2440 3349 Postea
2470 3316 2591 3350 vero

756 3397 916 3433 annu
971 3399 1082 3433 ossa
1137 3380 1262 3431 hinc
1320 3390 1603 3432 transvecta
1659 3397 1771 3432 esse
1817 3383 2121 3432 Eboracum
2175 3383 2355 3448 ibique
2398 3381 2602 3449 sepulta-

759 3470 930 3520 statuit
967 3482 1186 3531 onnus»,
1227 3477 1432 3518 secutus
1461 3467 1813 3517 auctoritatem
1842 3479 2050 3517 snum
2073 3501 2089 3528 ,
2128 3467 2220 3532 qui
2258 3465 2358 3515 hoc
2385 3481 2452 3514 ex
2482 3464 2596 3516 Co-

757 3552 871 3602 dice
921 3556 1120 3604 Canon.
1165 3552 1313 3601 Eccl.
1366 3550 1566 3600 Sason.
1613 3550 1671 3598 in
1717 3549 1851 3599 libro
1900 3550 2268 3612 Wigorniensi
2308 3566 2426 3617 pag.
2472 3549 2597 3606 103.

758 3635 934 3697 refert,
967 3643 1084 3683 nota
1113 3632 1218 3684 HS.
1254 3635 1309 3682 in
1337 3633 1480 3681 hunc
1510 3630 1699 3681 locum.
1739 3629 1862 3679 vid.
1891 3631 2008 3698 ejus
2037 3630 2367 3681 Hist.Liter.
2400 3630 2519 3681 Vol.
2549 3631 2606 3707 1.(

752 3735 871 3785 pag.
917 3718 1037 3769 613.
1079 3745 1148 3756 —
1190 3716 1254 3766 Et
1297 3715 1445 3766 Tom.
1490 3714 1533 3763 I.
1578 3713 1863 3763 Monostici
1906 3714 2073 3776 Angl.
2119 3723 2224 3763 tam
2271 3715 2603 3764 Venerabilis·

757 3813 914 3851 nunu
937 3836 953 3863 ,
1020 3816 1178 3867 quam
1240 3799 1501 3849 Abbatum
1562 3798 1918 3847 Girvt‘ensium
1976 3812 2087 3846 ossa
2133 3797 2188 3845 in
2238 3798 2656 3899 Glastoniensi&

758 3882 989 3934 Ecclesia
1020 3882 1201 3932 haberi
1233 3881 1493 3930 dicuntur.

640 3960 725 4036 (³2)
765 3966 864 4019 Tu.
926 3982 1112 4018 rotun
1178 3967 1380 4017 chun-h
1438 3966 1665 4032 History
1721 3968 1786 4032 ο]
1830 3966 1995 4015 Great
2037 3965 2180 4015 Brit.
2226 3962 2392 4015 Lond.
2433 3965 2590 4017 1655.
2643 3906 2698 4033 χ

761 4049 915 4102 Ceut.
948 4050 1087 4101 VIII.
1125 4049 1181 4101 Β.
1211 4050 1264 4101 2.
1294 4069 1411 4118 pag.
1444 4050 1529 4100 98.

639 4131 723 4198 (3)
764 4132 1001 4185 Confer-ri
1029 4144 1256 4186 meretur
1284 4147 1526 4184 vlumus
1552 4146 1733 4183 rannus
1757 4134 1816 4183 de
1844 4135 2000 4184 Notis
2029 4135 2390 4184 Romanorum
2423 4135 2593 4180 inter-

741 4220 1035 4283 putandis,
1068 4223 1203 4270 inter
1232 4220 1393 4275 Auct-
1426 4219 1586 4280 [Aug.
1620 4218 1741 4271 Lat.
1779 4220 2122 4288 Lugd.1658‚
2141 4221 2349 4288 p.14'20
2362 4217 2582 4268 et1472.
