2922 5195
1275 514 1354 574 67

294 697 412 761 sibi
471 696 624 759 velit
674 696 1140 780 Lectionarz'um
1198 688 1702 758 areniverscirimn
1727 742 1744 773 ‚
1819 694 2036 780 «quod
2092 696 2345 782 praedi·

294 814 584 878 cantibus
628 813 837 880 habile
854 860 873 894 ,
924 828 989 877 et
1042 811 1335 875 manuale
1350 858 1369 892 ,
1420 825 1488 875 et
1533 810 1931 874 utilissimum
1970 834 2101 875 esse
2133 812 2340 879 videa-

291 947 431 995 tur»
466 931 585 1019 (1).
651 932 974 995 Plurimae
996 945 1209 994 autem
1236 950 1447 993 numm
1470 928 2004 994 circumferuntur
2023 931 2340 996 Homiliae

290 1064 354 1112 et
383 1049 736 1112 Sermones,
799 1047 1120 1135 Operibus
1153 1050 1285 1131 ejus
1312 1047 1584 1112 insertae
1613 1062 1759 1110 sunt
1785 1047 2107 1111 Homiliae
2133 1049 2343 1112 Aesti-

290 1168 461 1232 vales
488 1167 570 1230 de
603 1169 907 1253 Tempore
940 1164 1054 1245 33,
1097 1163 1414 1229 Homiliae
1444 1164 1804 1231 Aestivales
1835 1165 1914 1227 de
1935 1166 2188 1228 Sanctis
2213 1164 2295 1228 32
2314 1214 2333 1248 ,

289 1285 611 1348 Homiliae
648 1284 970 1347 Hiemales
1007 1283 1087 1346 de
1126 1285 1430 1369 Tempore
1477 1280 1585 1360 15,
1636 1281 1954 1344 Homiliae
1989 1282 2339 1368 quadrage-

286 1402 543 1469 simales
570 1425 650 1467 22
668 1450 686 1484 ‚
737 1402 1056 1466 Homz‘liae
1095 1400 1417 1463 Hiemales
1449 1398 1529 1461 de
1556 1399 1808 1463 Sanctis
1850 1398 1960 1479 16,
2009 1396 2339 1462 Sermones

226 1544 229 1545 ⁷
291 1519 386 1583 ad
389 1520 696 1607 populum
716 1526 890 1583 varii
917 1542 996 1582 22
1017 1566 1034 1600 ,
1068 1535 1133 1582 et
1150 1519 1446 1606 leguntur
1470 1518 1539 1580 in
1557 1515 1730 1584 Edit.
1760 1516 1950 1591 Basil.
1973 1516 2163 1579 Tom.
2188 1515 2334 1580 VII.

292 1657 364 1722 p.
429 1634 659 1716 1-514,
708 1635 940 1701 Colon.
998 1658 1065 1722 p.
1130 1634 1350 1719 1-369.
1446 1633 1748 1697 Seorsum
1794 1653 2047 1717 quoque
2082 1629 2339 1718 prodie-

289 1768 439 1818 runt
463 1755 741 1818 Parisiis
775 1769 840 1818 et
862 1755 1131 1818 Lovanii
1145 1800 1163 1834 ‚
1202 1750 1448 1816 duobus
1478 1749 1928 1817 voluminibus.
2023 1747 2341 1814 Undecim

294 1887 509 1937 autem
533 1894 742 1937 mmm
765 1871 1080 1937 Homilias
1098 1872 1166 1935 in
1189 1871 1399 1936 lucem
1415 1869 1687 1959 protulit
1703 1891 1865 1933 mm.
1891 1890 2198 1934 ΜΔΜΒΝΒ
2213 1868 2335 1956 (2).

292 1987 580 2053 Arduum
628 2004 693 2053 et
736 1988 1078 2053 molestum
1109 2004 1272 2053 esset
1304 1987 1671 2052 discernere
1688 2032 1707 2067 ,
1760 2007 2073 2072 quaenam
2117 2006 2196 2047 ex
2241 1985 2340 2049 his

291 2106 587 2170 omnibus
623 2128 840 2170 mmm
874 2120 1206 2169 auctorem
1222 2105 1539 2184 habeant,
1578 2103 1709 2167 nisi
1739 2125 2154 2169 numum-no
2183 2125 2339 2167 con-

288 2223 530 2311 tigisset
561 2222 659 2285 his
694 2223 762 2285 in
796 2223 1077 2287 tenebris
1110 2220 1352 2308 aliquid
1376 2220 1536 2287 lucis
1571 2218 1844 2285 adferre.
1940 2219 2119 2283 Duos
2149 2221 2342 2308 igitur

290 2339 565 2404 Codices
598 2338 784 2404 MSS.
834 2353 1228 2427 pervetustos
1278 2337 1714 2405 Bibliothecae
1753 2337 2129 2419 Thucmeae,
2168 2361 2340 2402 nunc

293 2456 723 2538 Colbertinae,
771 2456 877 2542 qui
924 2477 1131 2519 ΒΒΒΑΕ
1167 2455 1488 2519 Homilias
1522 2455 1888 2537 continent,
1932 2455 2247 2543 inspicere
2277 2471 2342 2525 et

292 2575 460 2639 inter
489 2597 557 2639 se
597 2596 970 2663 comparare
1003 2573 1099 2637 illi
1129 2573 1333 2639 licuit.
1427 2573 1504 2636 ln
1539 2573 1741 2638 altero
1762 2622 1780 2656 ‚
1820 2589 1966 2638 ante
2000 2597 2200 2637 annos
2235 2596 2342 2638 oc-

290 2694 612 2780 tingentos
642 2708 898 2756 exarato
919 2738 937 2772 ,
978 2692 1298 2756 Homiliae
1330 2691 1603 2753 XXXIX
1641 2690 1950 2753 continua
1982 2691 2144 2751 serie
2177 2689 2344 2751 exhi-

291 2788 562 2889 bentur3
609 2810 679 2871 in
734 2809 937 2871 altero
957 2853 975 2887 ‚
1028 2807 1136 2894 qui
1190 2805 1483 2872 ducentis
1517 2807 1697 2872 annis
1723 2820 1876 2893 post
1906 2806 2175 2893 scriptus
2211 2820 2340 2889 est,

289 2924 764 3013 distinguuntur
830 2923 1152 2990 Homiliae
1211 2924 1281 2988 in
1332 2922 1493 2990 duos
1546 2923 1779 3006 libroS,
1831 2944 2105 3011 quorum
2161 2925 2345 3012 prior

286 3041 505 3124 XXV,
541 3043 860 3131 posterior
889 3041 1105 3108 XXIV
1135 3042 1455 3123 continet,
1494 3043 1856 3129 praemissis
1893 3042 1974 3106 ad
2001 3059 2343 3130 utrumque

230 3149 235 3156 ’
294 3160 887 3248 Capitulationibm.
993 3160 1125 3241 Qui
1172 3175 1440 3247 uterque
1493 3183 1688 3247 quum
1749 3158 2165 3248 quadraginta
2224 3185 2342 3226 no-

290 3301 439 3343 vem
486 3293 733 3344 tantum
778 3280 1011 3343 habeat
1045 3278 1399 3359 HomiliaS,
1449 3291 1515 3343 et
1547 3279 1614 3341 in
1658 3275 1843 3343 editis
1872 3300 2081 3344 REDAE
2114 3277 2343 3365 Operi-

286 3397 405 3460 bus
436 3417 569 3458 non
604 3396 938 3482 pauciores
975 3417 1165 3481 quam
1197 3396 1365 3458 CXL
1395 3396 1722 3482 legantur,
1762 3396 1910 3459 satis
1936 3396 2174 3481 liquet,
2210 3396 2346 3483 plu·

290 3514 482 3580 rimas
542 3527 650 3577 aut
699 3512 1133 3600 supposititias
1185 3534 1320 3577 esse
1340 3560 1358 3594 ,
1411 3527 1520 3576 aut
1570 3510 1828 3593 dubias,
1875 3529 1983 3575 aut
2037 3527 2212 3576 certe
2268 3535 2345 3578 ex

291 3631 426 3695 aliis
503 3654 710 3695 BEDAB
785 3631 854 3694 in
926 3631 1356 3720 Evangelistas
1432 3630 1925 3696 Commentariis
1999 3630 2339 3697 desumtaS.

289 3746 698 3837 Quapropter
725 3752 856 3833 jam
910 3752 1260 3815 rectissime
1311 3752 1560 3815 notavit
1594 3774 1808 3815 snm-us
1839 3754 2127 3817 Sinensis
2145 3802 2162 3836 ,
2208 3778 2342 3818 non

289 3888 515 3929 omnes
567 3888 700 3929 esse
757 3866 1105 3932 Homilias‘
1126 3886 1233 3933 aut
1287 3869 1667 3953 SermoneS,
1718 3893 1881 3957 quae
1930 3873 2193 3959 proprie
2250 3873 2340 3933 ita

318 4055 323 4060 ‚
378 4057 387 4061 ,
426 4055 431 4059 .
458 4055 492 4059 ..-
530 4055 577 4058 -.Γ
600 4054 653 4058 ὴ-
685 4054 937 4063 ---—--.—-——

380 4150 463 4214 (1)
505 4149 776 4201 Bomucn
816 4151 981 4218 Epist.
1013 4152 1047 4200 9
1077 4160 1126 4200 et
1155 4152 1243 4203 85.

380 4231 463 4297 (2)
507 4230 603 4299 Op.
637 4234 722 4282 cit.
758 4233 906 4283 Tom.
936 4232 998 4280 V.
1030 4250 1145 4298 pag.
1177 4234 1292 4283 317,
