2922 5195
1315 466 1400 526 39

312 642 460 707 illae
514 642 873 725 Homiliae,
928 643 1152 730 quibus
1201 639 1559 705 scribendis
1610 642 1806 705 talem
1859 643 2177 705 honorem
2228 665 2372 706 eum

318 777 579 826 nactum
611 784 741 826 esse
765 762 1028 840 volunt,
1075 762 1143 824 in
1188 760 1619 825 vetustissimis
1660 757 2010 823 Codicibus
2046 760 2370 824 dominum

317 902 536 944 nunna
588 893 917 946 auctorem
968 878 1305 942 nominant
1335 877 1456 965 (1).
1551 878 1611 941 A
1658 899 1836 942 nono
1894 893 2108 942 tamen
2152 879 2371 943 seculo

321 988 687 1061 Venerabili
722 1019 1087 1086 cognomen
1121 996 1182 1061 ei
1216 994 1355 1059 dari
1386 1011 1688 1084 coeptum
1725 1011 1852 1078 est,
1901 1011 1973 1061 ut
2007 1018 2085 1059 ex
2117 1017 2372 1061 Auum-

315 1137 453 1197 1111,
500 1138 749 1197 somn,
798 1114 1101 1202 Episcopi
1139 1114 1659 1196 Aurelianensae,
1703 1136 2023 1196 usuum,
2077 1114 2376 1180 aliorum-

314 1255 440 1319 que
471 1233 723 1320 scriptis
763 1233 1056 1298 novimus
1097 1230 1214 1321 (2).
1311 1234 1393 1296 Et
1426 1233 1496 1296 in
1539 1232 1820 1296 concilio
1861 1236 2373 1321 Aquisgranensi

314 1348 598 1414 seeundo
614 1398 633 1433 ‚
675 1372 846 1416 anno
879 1350 1009 1415 830
1032 1351 1258 1414 habito
1275 1396 1295 1433 ,
1350 1348 1753 1414 Venerabilis
1779 1362 1846 1413 et
1866 1351 2186 1414 modernis
2220 1364 2370 1415 tem-

299 1467 570 1554 poribus
591 1467 992 1532 admirabilis
1017 1491 1183 1533 unns
1211 1467 1556 1554 Presbyter
1579 1467 1927 1556 adpellatus
1946 1485 2039 1533 est
2057 1468 2174 1557 (3).
2213 1470 2373 1534 Pau-

314 1585 496 1648 latim
526 1586 698 1649 enim
726 1585 969 1652 factum
992 1603 1114 1670 est,
1141 1602 1214 1652 ut
1235 1587 1492 1652 titulum
1519 1587 1592 1651 V
1580 1586 1921 1651 ercet-abilis
1947 1609 2170 1652 omnes
2192 1587 2372 1651 Pres-

311 1702 520 1790 byteri
541 1703 968 1768 communiter
990 1705 1379 1791 acciperent.
1401 1703 1615 1791 Atque
1633 1704 1804 1767 hunc
1828 1704 2035 1792 ipsum
2062 1701 2374 1789 loquendi*

310 1842 499 1883 usum
539 1821 859 1908 peperisse
895 1821 1156 1909 opinor,
1198 1836 1270 1884 ut
1303 1842 1471 1884 nens
1516 1843 1767 1908 quoque
1812 1843 1892 1886 eo
1929 1821 2357 1910 insigniretur.

314 1935 556 2001 Verum
612 1952 857 2019 tamen,
916 1960 1063 2001 cum
1115 1938 1211 2001 vir
1264 1960 1541 2028 magnae
1599 1937 1807 2002 famae
1860 1953 1926 2002 et
1976 1938 2368 2001 auctoritatis

316 2068 510 2136 esset,
569 2054 824 2141 ejusque
873 2055 1108 2142 scripta
1155 2055 1362 2119 multo
1416 2055 1703 2119 crebrius
1742 2077 1932 2142 quam
1983 2055 2105 2119 alia
2147 2053 2367 2119 lauda-

313 2186 569 2252 rentur,
633 2170 740 2235 hic
801 2171 1065 2234 honoris
1120 2171 1340 2236 titulus
1396 2172 1643 2236 nomini
1696 2175 1827 2258 ejus
1889 2188 2194 2260 tanquam
2239 2174 2369 2259 pri-

310 2309 424 2350 vus
483 2265 548 2351 et
603 2287 897 2374 proprius
932 2286 1285 2351 adhaesisse
1336 2285 1620 2370 videtur,
1670 2302 1743 2351 ut
1804 2310 1950 2353 eum
2002 2304 2367 2354 constanter

321 2404 394 2465 V
382 2403 763 2468 enerabilem
814 2425 1036 2468 numm
1083 2401 1395 2471 dicerent.

407 2519 756 2610 Adjicimus
781 2522 889 2587 hic
916 2522 1330 2612 Epitaphium
1363 2522 1523 2587 illud
1556 2524 1624 2587 in
1656 2548 1877 2589 mamm
1907 2526 2367 2616 compositum,

311 2638 485 2726 quod
538 2641 780 2729 primus
830 2641 1180 2706 exhibuisse
1227 2640 1727 2730 deprehenditur
1778 2664 2154 2706 comnenus
2206 2643 2372 2705 Mal-

317 2755 801 2820 mesburiensis:

582 2879 893 2959 Presbyter
918 2879 1008 2937 hic
1029 2898 1172 2937 ΒΕυΑ
1194 2880 1503 2960 requiescit
1526 2901 1692 2940 carne
1723 2881 2011 2961 sepultus:

579 2979 776 3053 Dona,
802 3000 1061 3054 cumsrss,
1085 2982 1322 3039 animam
1344 2983 1400 3040 in
1424 2981 1595 3041 coelis
1617 2982 1867 3062 gaudere
1890 3004 1996 3064 per
2018 3005 2246 3055 aevum,

577 3083 790 3162 Daque
817 3082 897 3139 illi
921 3081 1168 3162 Sophiae
1192 3081 1439 3141 debriari
1461 3077 1565 3158 (4)
1587 3082 1768 3157 fonte,
1795 3086 1886 3142 cui
1904 3087 2017 3160 jam

579 3183 895 3264 Suspiravit
919 3205 1092 3244 ovans
1116 3187 1327 3244 intento
1351 3205 1578 3264 semper
1600 3202 1807 3242 amore.

525 3358 778 3408 Bnonws
800 3355 843 3404 1.
877 3354 916 3404 1.
944 3372 1066 3421 pag.
1096 3354 1199 3403 146
1221 3388 1235 3414 ,
1273 3347 1394 3403 147.
1422 3368 1513 3400 no.
1541 3349 1725 3402 XXVI.
1750 3352 2024 3415 Egregius
2044 3352 2223 3402 doctor
2238 3365 2367 3402 mnu

523 3438 714 3488 dicitur
763 3438 822 3486 in
871 3435 1008 3485 libro
1058 3435 1118 3484 de
1179 3435 1350 3483 Gestis
1404 3432 1543 3482 Abb.
1597 3433 1654 3481 S.
1699 3434 1933 3494 Albani,
1987 3449 2118 3500 quae
2161 3435 2368 3500 scripsit

522 3534 818 3571 nanninus
847 3517 1203 3578 ParisiensiS,
1244 3515 1300 3564 in
1326 3513 1429 3564 vita
1460 3527 1706 3564 nannum.
1773 3513 1896 3563 vid.
1928 3528 2120 3566 ιειιπυ
2158 3515 2364 3565 Collect-

521 3601 640 3653 Vol.
669 3601 741 3653 Π.
773 3601 922 3651 Tom.
949 3601 1002 3651 3.
1032 3616 1152 3667 pag.
1182 3597 1305 3651 137.

401 3685 486 3754 (1)
525 3685 747 3737 Maxu..
784 3685 988 3735 Annal.
1028 3682 1177 3732 Tom.
1208 3679 1275 3731 Π.
1307 3679 1426 3731 Lib.
1456 3677 1592 3730 XXI.
1618 3697 1737 3747 pag.
1768 3680 1889 3731 100.
1919 3680 1984 3731 ad
2014 3697 2212 3730 annum
2236 3681 2363 3733 735.

386 3769 475 3836 (2)
515 3768 746 3821 Anum.
773 3767 857 3817 De
886 3767 1105 3817 Divinis
1140 3764 1335 3831 Officiis
1355 3800 1371 3826 ,
1411 3761 1531 3815 Lib.
1562 3762 1605 3814 1.
1632 3780 1745 3831 cap.
1772 3765 1861 3816 37.
1896 3780 2046 3818 soris
2077 3766 2357 3816 Aurelian.

524 3850 611 3899 De
653 3851 998 3899 Institutione
1026 3849 1308 3898 Laicorum
1329 3884 1345 3910 ,
1385 3846 1505 3898 Lib.
1534 3845 1580 3898 I.
1608 3864 1722 3917 cap.
1754 3849 1843 3901 16.
1878 3864 2082 3911 ustum.
2115 3850 2171 3901 in
2200 3851 2364 3901 Mar-

528 3934 790 3999 tyrologio
827 3934 891 3984 ad
925 3931 1099 3982 Nonas
1135 3931 1374 3999 Augusti.

410 4012 494 4080 (3)
538 4012 699 4065 Cone.
731 4016 1064 4080 Aquisgran.
1095 4013 1306 4064 secund.
1336 4013 1502 4063 Praef.
1533 4013 1650 4062 Lib.
1682 4015 1779 4064 111.

410 4095 494 4162 (4)
535 4094 610 4146 Du
655 4112 813 4147 cinca
859 4098 916 4146 iu
953 4097 1220 4148 Glossario
1265 4096 1338 4145 ad
1380 4095 1641 4160 Scriptor.
1684 4098 1812 4146 med.
1858 4103 1907 4159 et
1952 4099 2048 4162 inf.
2082 4098 2364 4148 Latinitat-

528 4178 638 4228 Par.
687 4179 840 4230 1⁷33.
889 4178 1037 4228 Tom.
1085 4180 1150 4229 ΙΙ.
1199 4196 1316 4246 pag.
1361 4178 1517 4230 1321.
1551 4180 1605 4228 in
1637 4195 1793 4241 voce,
1833 4179 1923 4229 ubi
1957 4190 2007 4230 et
2033 4182 2152 4230 citat
2187 4182 2373 4248 Epita-
