2922 5195
1525 504 1607 562 54

630 692 707 753 In
736 693 1018 775 primam
1043 697 1301 772 partem
1336 702 1736 760 sanctinus,
1785 680 1829 742 i.
1864 700 1923 743 e.
1967 700 2164 766 usque
2207 679 2297 741 ad
2330 691 2583 742 mortem

541 828 793 886 sanus,
844 801 993 867 libri
1034 802 1149 867 III
1186 797 1304 887 (1).

630 923 852 986 Exstat
894 920 1001 983 hic
1054 918 1224 982 liber
1271 916 1441 980 inter
1494 914 1710 1001 Opera
1757 911 1929 977 edita
1978 910 2166 976 Basil.
2225 910 2415 976 Tom.
2467 909 2584 978 IV.

543 1064 610 1129 p.
655 1040 968 1118 208-440,
1015 1033 1249 1099 Colon.
1289 1031 1481 1097 Tom.
1516 1030 1632 1096 IV.
1665 1055 1735 1119 p.
1778 1028 2082 1117 167-332.
2149 1027 2414 1118 Scripsit
2439 1051 2589 1095 eum

545 1169 771 1220 auctor
799 1153 1028 1217 crebra
1056 1151 1426 1215 hortatione
1459 1170 1665 1213 accus
1691 1148 2028 1236 Episcopi,
2080 1170 2272 1235 quem
2314 1146 2591 1213 dilectis-

543 1275 774 1338 simum
801 1286 867 1335 et
889 1267 1532 1335 desiderantissimum
1554 1264 2178 1355 (desideratissimum
2196 1265 2247 1354 P)
2281 1265 2594 1353 omnium,

547 1391 658 1478 qui
683 1390 752 1452 in
779 1405 948 1453 terra
967 1402 1297 1451 morantur
1311 1433 1330 1467 ,
1364 1385 1736 1449 Antistitem
1763 1383 2064 1473 adpellat.
2162 1381 2373 1463 Quam
2399 1382 2593 1474 longe

547 1523 759 1571 autem
787 1502 1249 1593 interpretandi
1275 1503 1439 1566 ratio
1471 1502 1815 1591 allegorica
1841 1497 2292 1589 anteponenda
2316 1501 2397 1567 sit
2424 1501 2585 1584 aliis,

543 1625 613 1687 in
656 1624 844 1687 initio
877 1624 1062 1708 hujus
1099 1620 1249 1685 libri
1276 1641 1443 1685 nana
1474 1619 1750 1708 probare
1789 1635 2061 1684 conatur
2095 1642 2173 1683 ex
2202 1606 2366 1682 locis
2392 1619 2586 1687 Rom.

544 1738 703 1820 XV,
745 1745 824 1820 43
884 1763 941 1803 1.
981 1740 1133 1802 Cor.
1183 1738 1283 1819 X,
1334 1761 1448 1819 113
1499 1738 1649 1803 Act.
1695 1738 1826 1820 111,
1868 1743 1978 1817 24.
2070 1737 2300 1802 Monet
2343 1753 2592 1820 autem,

544 1876 877 1920 :nanuum
895 1900 914 1936 ,
971 1857 1232 1916 asaiam
1309 1868 1684 1940 ceterosque
1752 1855 2110 1942 Prophetas
2163 1853 2373 1919 verbis
2396 1902 2415 1937 ,
2487 1853 2604 1920 sed

546 1986 890 2038 sancitam
911 2019 930 2053 ,
980 1992 1195 2035 sorum
1246 1985 1313 2035 et
1353 1993 1567 2035 azam
1612 1970 1716 2035 vel
1759 1973 1884 2034 suis
1934 1971 2040 2035 vel
2086 1971 2359 2036 aliorum
2404 1972 2595 2037 rebus

545 2091 735 2181 gestis
758 2136 777 2172 ,
843 2089 1055 2152 futura
1114 2086 1522 2178 significasse.
1617 2088 1757 2151 «Ne
1811 2088 2005 2178 igitur
2026 2135 2046 2170 ,
2109 2089 2319 2175 inquit
2347 2136 2366 2172 ,
2433 2114 2598 2177 quae

547 2224 816 2296 propter
867 2230 987 2271 nos
1050 2207 1288 2295 scripta
1334 2222 1480 2271 sunt
1499 2254 1518 2290 ,
1587 2221 1809 2270 nostro
1872 2222 2136 2295 torpore
2186 2207 2290 2272 vel
2348 2191 2598 2273 incuria

548 2326 725 2413 quasi
758 2325 963 2389 aliena
994 2327 1434 2412 praetereant!
1513 2325 1754 2390 Verum
1786 2326 2111 2390 imitemur
2144 2338 2403 2413 oportet
2433 2325 2600 2391 Scri-

545 2444 696 2508 bam
739 2441 920 2506 illum
937 2489 957 2523 ,
1003 2442 1111 2527 qui
1155 2441 1403 2528 profert
1447 2441 1530 2506 de
1558 2443 1854 2506 thesauro
1888 2465 2003 2506 suo
2036 2465 2206 2507 nova
2238 2459 2302 2508 et
2334 2458 2589 2526 vetera,

546 2558 778 2625 Matth.
817 2557 994 2622 XIII.
1089 2556 1256 2621 Nam
1303 2558 1355 2621 si
1396 2572 1611 2623 vetera
1656 2556 2103 2623 tantummodo
2162 2557 2244 2623 de
2295 2561 2595 2627 thesauro

548 2675 1019 2766 Scripturarum
1045 2675 1369 2764 proferre,
1397 2676 1528 2740 hoc
1555 2691 1683 2758 est,
1714 2676 1880 2742 solas
1904 2677 2128 2743 literae
2157 2676 2383 2765 figuras
2412 2680 2594 2765 sequi

546 2795 817 2859 Iudaico
866 2818 1048 2859 more
1103 2817 1394 2859 curamus
1413 2841 1431 2876 ‚
1484 2793 1637 2881 quid
1685 2795 1854 2860 inter
1903 2793 2274 2881 quotidiana
2329 2813 2599 2883 peccata

551 2910 973 2995 correptionis
1034 2908 1167 2994 (2),
1234 2910 1402 2971 inter
1461 2911 1934 2973 crebrescentes
2002 2935 2337 2976 aerumnas
2399 2914 2600 2978 seculi

515 3078 519 3080 s
549 3024 1004 3090 consolationis
1018 3070 1038 3106 ‚
1085 3024 1254 3088 inter
1292 3025 1660 3091 innumeros
1698 3028 1865 3092 vitae
1903 3029 2086 3114 hujus
2138 3052 2387 3096 errores
2419 3032 2603 3119 spiri-

639 3301 724 3368 (1)
762 3298 848 3351 Sic
876 3298 1007 3367 legit
1035 3309 1210 3348 surra.
1240 3326 1308 3336 —
1337 3296 1593 3348 Binonus
1614 3334 1629 3360 ,
1663 3311 1846 3350 onnus
1865 3335 1880 3362 ,
1915 3299 2074 3350 Editt.
2103 3298 2257 3369 Oper.
2286 3301 2485 3354 habent
2498 3304 2590 3357 IV.

757 3382 920 3433 Liber
942 3382 1144 3451 primus
1167 3379 1399 3432 continet
1423 3380 1711 3432 secundum
1730 3397 1818 3433 eos
1831 3384 1997 3451 capita
2010 3382 2288 3435 duodecim
2305 3422 2323 3450 ,
2340 3388 2598 3442 secundus

757 3465 1007 3517 undecim
1029 3502 1045 3530 ,
1096 3466 1278 3516 tertius
1340 3463 1522 3514 decem
1543 3501 1558 3528 ,
1610 3465 1824 3516 totidem
1867 3479 2095 3534 quartus.
2195 3469 2422 3522 Fortasse
2466 3471 2596 3524 haec

759 3548 1103 3618 discrepantia
1144 3547 1268 3598 inde
1299 3545 1604 3616 explicanda
1640 3558 1748 3611 est,
1786 3549 1926 3616 quod
1954 3564 2082 3601 nnn*
2103 3588 2119 3616 ,
2157 3551 2405 3604 absolutis
2431 3554 2595 3605 tribus

752 3632 905 3683 libris
921 3669 936 3693 ‚
974 3632 1243 3699 aliquanto
1270 3640 1387 3700 post
1413 3640 1651 3698 quartum
1682 3633 1902 3701 scripsit.

631 3717 714 3784 (2)
744 3716 832 3776 ,Du
859 3729 1021 3764 oinct
1052 3716 1110 3763 in
1144 3716 1417 3764 Glossario
1444 3729 1578 3763 novo
1604 3716 1675 3764 ad
1696 3714 1893 3781 Script.
1920 3716 2049 3766 med.
2076 3720 2225 3780 aevi,
2259 3718 2415 3769 Paris.
2434 3717 2591 3769 1⁷66.

757 3796 907 3848 Tom.
951 3796 996 3848 1.
1035 3814 1156 3865 pag.
1184 3796 1323 3848 1160
1343 3832 1358 3858 ,
1405 3794 1472 3845 de
1502 3794 1598 3845 hac
1626 3813 1749 3848 voce
1793 3798 2025 3865 quaerit:
2074 3796 2203 3848 «An
2233 3799 2409 3863 idem,
2449 3800 2593 3867 quod

754 3897 904 3948 supra
941 3880 1200 3930 Correctio
1222 3915 1237 3941 ,
1280 3877 1561 3945 flagellatio
1580 3916 1595 3942 ,
1634 3896 1766 3947 quae
1806 3898 1899 3949 pro
1934 3883 2109 3933 animo
2137 3882 2368 3936 defuncti
2401 3883 2591 3936 Abba-

754 3964 822 4015 tis
849 3981 877 4013 a
902 3961 1171 4013 monachis
1202 3961 1641 4030 suscipiebatur?»
1676 3963 1748 4013 Ita
1766 4000 1781 4026 ,
1820 3974 1870 4015 at
1899 3983 2128 4033 quonam
2156 3984 2313 4019 sensu
2340 3983 2466 4019 nrm
2492 3967 2589 4019 hac

753 4062 878 4098 voce
920 4061 1044 4097 usus
1087 4045 1188 4108 sit,
1240 4055 1449 4114 apparet
1493 4061 1557 4096 ex
1601 4046 1703 4110 iis,
1754 4063 1887 4114 quae
1928 4049 2273 4116 praecedunt,
2311 4050 2403 4100 ubi
2433 4049 2587 4102 verba

754 4130 886 4192 πρὸς
934 4130 1240 4179 νουθεσίαν
1291 4129 1478 4193 ἡμῶν,
1528 4131 1578 4180 1.
1611 4128 1732 4181 Cor.
1763 4129 1809 4181 X
1830 4165 1848 4193 ,
1885 4132 1947 4182 11
1971 4168 1987 4196 ,
2040 4133 2289 4186 vertendo
2318 4133 2580 4187 reddidit:

747 4207 818 4256 ad
842 4212 1213 4286 correptionem
1239 4217 1491 4263 nostram.
