2922 5195
1557 487 1641 547 30

577 668 700 733 Dei
733 667 998 748 cecinit,
1039 665 1216 753 et(1)
1252 665 1537 752 expansis
1577 666 1866 728 manibus
1902 665 2047 729 Deo
2081 667 2230 732 vivo
2264 682 2329 731 et
2358 689 2510 731 vero
2525 667 2619 756 (2)

570 786 802 875 gratias
844 808 1030 873 agere
1071 807 1205 848 non
1238 784 1542 850 cessabat.
1611 782 1789 847 Scito
1823 798 2067 865 autem,
2119 784 2344 850 Frater
2381 786 2619 850 carissi·

569 927 712 984 me,
771 902 947 990 quod
990 903 1187 967 multa
1225 925 1479 990 possem
1523 925 1781 966 narrare
1832 901 1912 966 de
1962 926 2041 967 eo
2080 901 2205 991 (3),
2256 903 2370 968 sed
2416 905 2625 970 brevi-

570 1037 770 1086 tatem
801 1020 1107 1085 sermonis
1141 1018 1487 1083 ineruditio
1522 1020 1775 1109 linguae
1808 1020 1984 1086 facit.
2027 1022 2328 1088 Attamen
2357 1023 2620 1111 cogit0,

569 1138 712 1202 Deo
748 1137 1118 1223 adjuvante,
1157 1162 1235 1202 ex
1265 1154 1559 1226 tempore
1593 1138 1841 1226 plenius
1886 1137 1966 1203 de
1990 1162 2072 1203 eo
2104 1139 2382 1206 scribere
2403 1188 2421 1221 ,
2461 1163 2624 1227 quae

571 1256 775 1321 oculis
802 1255 966 1337 vidi,
1004 1273 1069 1321 et
1100 1258 1358 1321 auribus
1392 1255 1642 1321 audivi·
1675 1256 1795 1345 (4).

660 1375 985 1441 Hactenus
1016 1377 1299 1441 narratio
1334 1398 1728 1441 cnm-nmium.
1796 1374 2082 1441 Tradunt
2114 1391 2325 1441 autem
2355 1376 2629 1442 nonnul-

567 1494 646 1575 li,
690 1495 1164 1577 suavissimum,
1219 1494 1409 1558 simul
1470 1510 1661 1582 atque
1721 1494 2006 1559 animum
2059 1493 2357 1560 edidisset
2412 1517 2580 1559 mins
2599 1542 2619 1576 ,

567 1612 974 1678 subsecutum
1009 1636 1140 1678 esse
1178 1612 1484 1695 odorem,
1528 1612 1781 1700 qualem
1825 1636 1949 1678 nec
2003 1614 2297 1678 cinnama
2335 1637 2458 1679 nec
2485 1612 2622 1676 bal·

568 1752 744 1793 sama
790 1732 1062 1817 spirent,
1106 1730 1220 1794 sed
1269 1732 1448 1796 verni
1505 1731 1754 1797 soleant
1800 1732 2089 1796 emittere
2142 1730 2331 1797 flores
2351 1779 2371 1813 ,
2416 1732 2505 1796 ita
2548 1747 2620 1798 ut

570 1868 795 1909 omnes
814 1893 832 1927 ,
872 1848 980 1932 qui
1012 1845 1337 1928 adessent,
1387 1871 1454 1911 se
1491 1849 1559 1911 in
1595 1849 1898 1913 Paradiso
1930 1865 2065 1913 esse
2100 1865 2398 1937 putarent
2429 1847 2547 1937 (5).

662 1962 870 2028 Valde
898 1965 1067 2029 inter
1106 1987 1172 2030 se
1216 1963 1579 2053 discrepant
1611 1966 1971 2054 Scriptores
2004 1965 2086 2030 de
2119 1982 2412 2054 tempore
2447 1989 2624 2031 mor-

570 2081 652 2147 tis
699 2105 929 2147 mmm.
1012 2082 1174 2147 Sunt
1217 2084 1325 2170 qui
1373 2086 1456 2149 A.
1516 2108 1647 2172 729
1698 2107 1844 2149 eum
1897 2084 2127 2149 obiisse
2187 2080 2441 2148 tradant
2479 2083 2617 2173 (6),

569 2200 749 2287 quod
794 2225 985 2289 quam
1027 2200 1496 2267 inconsiderate
1542 2201 1785 2267 dictum
1822 2202 1939 2283 sit,
1984 2201 2358 2291 intelligitur
2389 2224 2467 2266 ex
2499 2224 2579 2266 eo
2600 2248 2620 2284 ,

570 2316 749 2404 quod
777 2342 846 2382 se
876 2320 1230 2384 Historiam
1262 2342 1442 2385 suam
1470 2321 1551 2386 A.
1578 2320 1660 2409 73
1677 2345 1701 2384 1
1725 2369 1743 2402 ,
1777 2319 2004 2385 duobis
2029 2321 2225 2409 igitur
2242 2321 2420 2386 annis
2445 2334 2621 2408 post,

566 2435 907 2500 absolvisse
925 2483 945 2518 ,
983 2436 1118 2524 ipse
1153 2460 1322 2501 mnu
1365 2436 1614 2502 disertis
1647 2438 1855 2501 verbis
1885 2452 2171 2503 testatur.
2224 2438 2417 2523 Cujus
2447 2436 2621 2502 testi·

569 2554 770 2618 monii
801 2576 1147 2635 memores,
1184 2554 1290 2618 alii
1318 2552 1593 2619 eundem
1623 2555 1796 2618 hunc
1829 2577 2065 2618 annum
2093 2576 2300 2618 unu:
2325 2554 2622 2618 ultimum

573 2671 885 2739 duxerunt
923 2671 1041 2762 (7).
1135 2674 1359 2762 Neque
1392 2676 1521 2738 hoc
1565 2689 1763 2739 recte.
1858 2673 2165 2737 Novimus
2200 2673 2404 2755 enim,
2446 2670 2625 2761 quod

587 2906 619 2915 —
719 2908 731 2914 -
743 2908 819 2913 --,
827 2906 1178 2913 .-.---------
1189 2909 1208 2914 -

643 3047 730 3114 (1)
770 3045 866 3098 Pro
908 3045 1166 3112 quaedam
1208 3072 1277 3082 -
1321 3047 1371 3094 et
1419 3057 1526 3094 sm.
1579 3042 1732 3093 Dun.
1788 3042 1945 3095 habet
1988 3047 2293 3111 spiritualia
2346 3050 2618 3116 quaedam.

778 3145 989 3181 tamnu.
1022 3129 1276 3195 quaedam
1306 3129 1487 3179 cecinit
1521 3129 1847 3195 spiritualia.
1917 3130 2029 3193 Et,
2069 3148 2216 3198 seqq.

649 3215 733 3282 (2)
778 3215 913 3265 Vivo
943 3220 992 3264 et
1018 3230 1138 3263 vero
1165 3214 1311 3263 defiat
1337 3213 1475 3280 apud
1507 3227 1620 3263 mn.

644 3299 731 3365 (3)
777 3298 921 3348 Scito
966 3302 1140 3346 autem
1182 3325 1253 3335 —
1290 3296 1349 3345 de
1392 3312 1467 3347 e0.
1538 3295 1821 3347 Bmonms:
1862 3298 2037 3347 «scire
2066 3308 2242 3350 autem
2269 3297 2464 3364 debes,
2496 3301 2620 3370 quia

778 3381 945 3433 adhuc
974 3381 1134 3432 multa
1162 3381 1355 3430 narrari
1386 3389 1436 3430 et
1469 3380 1620 3429 scribi
1660 3380 1969 3447 possentde
1997 3399 2125 3433 ec.»

645 3465 730 3533 (4)
776 3470 1028 3517 Attamen
1054 3493 1124 3503 --
1154 3464 1353 3514 audivi.
1391 3462 1758 3515 Desiderantur
1788 3462 1914 3514 haec
1943 3465 2079 3534 apud
2110 3480 2214 3517 sm.
2246 3469 2399 3519 Dim.
2430 3478 2480 3519 et
2506 3484 2617 3519 ιη.

641 3551 732 3619 (5)
773 3549 1031 3603 Gutum.
1062 3550 1337 3599 Mal-mesb.
1377 3549 1437 3598 de
1473 3549 1645 3598 Gestis
1673 3549 1807 3610 Reg.
1840 3549 2006 3612 Angl.
2037 3548 2075 3599 1.
2105 3549 2143 3599 1.
2170 3567 2226 3620 p.
2255 3553 2342 3601 21.
2382 3550 2623 3601 Tannu-

781 3648 900 3683 κως
929 3634 988 3682 de
1021 3632 1173 3682 Viris
1201 3632 1415 3680 Illustr.
1453 3628 1573 3678 Lib.
1605 3628 1671 3678 II.
1704 3645 1749 3678 c.
1787 3630 1901 3679 155.
1935 3647 1991 3696 p.
2022 3630 2107 3680 91.

648 3713 735 3782 (6)
776 3731 823 3765 e.
868 3731 996 3766 cun
1047 3715 1241 3782 Script.
1286 3716 1436 3766 Eccl.
1477 3714 1624 3763 Hist.
1656 3714 1962 3775 Literaria‚
2012 3711 2178 3764 Oxon.
2215 3716 2379 3779 1740,
2424 3715 2543 3766 Vol.
2576 3716 2618 3766 I.

777 3816 832 3866 p.
878 3799 998 3849 613.
1079 3797 1343 3850 Mutuus
1393 3811 1571 3848 socrus
1617 3800 1673 3846 in
1716 3797 1921 3846 Annal.
2003 3795 2160 3865 Magis
2207 3800 2501 3849 mirandum
2545 3809 2622 3850 est

778 3881 939 3933 fuisse
961 3916 976 3945 ,
1032 3883 1124 3950 qui
1164 3881 1249 3932 vel
1279 3897 1416 3932 anno
1456 3880 1560 3931 700
1589 3896 1712 3930 eum
1750 3891 2012 3932 mortuum
2048 3899 2158 3933 esse
2188 3883 2436 3934 dicerent.
2490 3884 2615 3934 vid.

780 3981 1041 4018 maenum
1063 3965 1102 4016 1.
1131 3966 1170 4017 1.
2558 4016 2563 4021 .

644 4048 732 4116 (7)
772 4050 1080 4103 Hnnmnnus
1110 4064 1460 4114 conlucws,
1513 4066 1830 4115 nanninus,
1863 4066 2163 4102 smmum-us
2199 4053 2615 4114 Gemblacensis,

776 4132 884 4183 alii.
956 4134 1078 4185 vid.
1124 4150 1431 4188 cunnmxcn
1478 4135 1689 4186 Observ.
1723 4136 1795 4186 ad
1822 4152 1928 4187 rem
1958 4138 2094 4189 liter.
2133 4143 2290 4204 spect.
2321 4136 2471 4188 Tom.
2502 4134 2617 4188 XII.

778 4234 832 4282 p.
878 4218 975 4267 192
