2922 5195
1574 453 1655 516 16

591 663 725 706 esse
770 653 1012 722 narrat,
1058 654 1128 703 ut
1170 637 1445 703 Romam
1488 635 2030 725 proficisceretur,
2094 661 2239 703 eum
2285 648 2498 702 tamen
2542 639 2636 703 ibi

588 759 777 821 fuisse
821 780 957 821 non
1002 756 1274 821 affirmat
1305 756 1426 845 (1).
1520 755 1839 818 Nimirum
1870 756 2156 842 quaestio
2195 756 2433 839 oritur,
2481 762 2637 820 num

590 876 802 963 Papae
830 875 1179 956 voluntati,
1231 871 1547 937 mittendo
1583 895 1750 936 mma
1766 920 1785 955 ,
1833 872 2207 937 satisfecerit
2238 894 2641 936 exornamus

584 993 805 1056 Abbas
823 992 853 1055 Ρ-
935 992 1182 1056 Literae
1214 971 1388 1056 certe
1406 1039 1425 1073 ,
1479 1013 1635 1077 quas
1666 1013 1856 1078 supra
1889 988 2363 1079 descfipsimu3‚
2396 990 2642 1053 missio-

585 1133 736 1176 nem
777 1110 953 1173 illam
1002 1107 1189 1174 valde
1232 1123 1485 1197 urgent.
1581 1107 1664 1170 Et
1697 1107 1842 1171 talis
1871 1122 2174 1193 tantaque
2198 1110 2332 1193 jam
2364 1130 2444 1171 eo
2477 1122 2642 1171 tem-

583 1250 748 1316 pore
799 1226 968 1316 apud
1004 1227 1354 1291 monachos
1384 1228 1676 1290 Saxones
1706 1225 1917 1313 Papae
1951 1241 2088 1288 erat
2117 1226 2461 1290 auctoritas
2479 1273 2497 1308 ,
2533 1241 2606 1290 ut
2620 1274 2640 1309 ‚

584 1345 639 1409 si
692 1344 794 1408 vel
841 1366 1242 1408 cnonrnmus
1286 1367 1419 1408 non
1467 1344 1750 1408 cessisset
1773 1390 1794 1427 ,
1839 1343 1943 1407 vel
1987 1364 2153 1406 mun
2183 1343 2274 1405 ita
2315 1342 2639 1431 suscipere

583 1476 929 1526 recusasset
944 1508 962 1543 ‚
1013 1483 1282 1550 magnae
1326 1459 1396 1524 id
1444 1460 1684 1526 fuisset.
1710 1460 2105 1525 temeritatis.
2201 1460 2438 1524 Rursus
2479 1483 2640 1524 vero

583 1577 912 1644 fatendum
962 1595 1059 1643 est
1080 1625 1100 1662 ,
1165 1578 1409 1643 nullam
1454 1579 1636 1664 hujus
1683 1578 1928 1643 itineris
1975 1579 2371 1642 mentionem
2416 1577 2557 1643 fieri
2598 1601 2639 1644 a

584 1720 753 1761 mma
777 1745 796 1779 ‚
865 1714 972 1761 aut
1037 1697 1374 1761 Historicis
1427 1697 1507 1760 ab
1561 1719 1641 1760 eo
1695 1712 1901 1761 aetate
1960 1696 2288 1784 proximis,
2390 1697 2632 1777 Immo,

589 1836 735 1878 cum
799 1814 868 1876 in
926 1811 1158 1877 eodem
1213 1835 1467 1900 semper
1523 1789 1919 1878 'monasterio
1976 1837 2044 1878 se
2102 1815 2401 1879 mansisse
2470 1813 2640 1878 refe-

584 1944 685 1994 rat
744 1928 836 2018 (a)
865 1977 885 2012 ‚
957 1952 1037 1994 eo
1093 1930 1233 2018 ipso
1283 1929 1639 2019 significare
1694 1928 1946 2004 videtur
1969 1977 1987 2012 ,
2055 1954 2122 1995 se
2174 1934 2435 1997 Romam
2496 1955 2637 1997 non

591 2048 818 2112 abiisse
880 2046 998 2135 (3).
1090 2048 1328 2113 Exorta
1387 2046 1540 2113 inde
1608 2046 1947 2113 difficultas
2017 2049 2324 2135 quosdam
2389 2049 2639 2115 induxit

593 2166 869 2230 Criticos
895 2213 916 2249 ,
991 2181 1063 2230 ut
1132 2189 1278 2231 cum
1333 2188 1500 2230 nco
1576 2166 1744 2254 ipsas
1809 2189 2026 2231 senen
2085 2168 2326 2232 Literas
2396 2169 2639 2257 spurias

588 2306 723 2349 esse
775 2299 1074 2373 putarent
1130 2283 1251 2373 (4).
1347 2284 1606 2372 Optime
1672 2300 1890 2350 tamen
1952 2283 2395 2353 difficultatem
2449 2310 2638 2377 expe·

669 2603 752 2673 (⁷1)
790 2602 915 2656 Vid.
960 2603 1021 2654 de
1070 2604 1214 2653 Gest.
1258 2603 1396 2668 Reg.
1435 2605 1583 2668 Ang.
1626 2604 1744 2656 Lib.
1786 2605 1830 2657 1.
1860 2624 1906 2656 c.
1936 2607 1990 2657 3.
2015 2625 2071 2675 p.
2101 2607 2188 2660 22.
2224 2607 2431 2672 «Mihi,
2463 2609 2638 2677 inquit

796 2688 989 2740 alicubi
1009 2724 1025 2751 ,
1073 2686 1210 2737 fama
1237 2687 1396 2738 vilius
1424 2698 1619 2739 constat
1637 2725 1653 2753 ,
1698 2706 1795 2740 nec
1822 2689 2107 2758 quidquam
2135 2692 2239 2742 nisi
2266 2691 2494 2743 absoluta
2528 2691 2637 2744 fide

797 2773 1020 2841 dignum
1049 2772 1460 2839 pronunciem.»
1491 2771 1531 2822 l.
1559 2771 1598 2822 l.
1624 2789 1680 2840 p.
1710 2772 1799 2824 19.

663 2854 747 2924 (2)
785 2855 921 2906 Bnu
966 2856 1024 2903 in
1069 2853 1167 2904 fin.
1214 2856 1362 2904 Hist.
1402 2855 1605 2904 Eccles.
1647 2851 1805 2921 Oper.
1846 2853 1887 2902 Τ
1891 2872 1997 2905 om.
2036 2855 2128 2906 111.
2173 2874 2228 2924 p.
2281 2858 2397 2908 151.
2480 2855 2637 2908 Conf.

793 2951 976 2988 sino!
1006 2935 1377 2984 Dunelmensis
1393 2970 1410 2998 ,
1441 2935 1503 2984 de
1530 2935 1782 2984 Dunelm.
1811 2936 2049 2985 Ecclesia
2076 2937 2213 3002 apud
2240 2935 2409 3006 Scrip.
2435 2937 2501 2988 X.
2518 2938 2640 2999 Lib,

794 3015 838 3067 Ι.
865 3033 913 3068 c.
942 3016 1028 3067 14.
1059 3032 1115 3082 p.
1143 3016 1197 3066 8.

667 3097 751 3167 (3)
787 3097 968 3151 Bsnnt
1009 3100 1210 3149 Romae
1248 3113 1356 3150 non
1399 3097 1561 3148 fuisse
1583 3133 1600 3162 ,
1649 3095 1774 3148 inde
1802 3095 2005 3166 colligit
2035 3111 2277 3150 amorius
2307 3101 2362 3149 in
2393 3101 2596 3152 Annal.
2615 3135 2634 3165 ,

796 3180 938 3249 quod
972 3198 1056 3245 es,
1083 3198 1217 3247 quae
1248 3181 1312 3230 ad
1339 3179 1618 3231 texendam
1648 3196 1769 3231 suae
1797 3182 1969 3249 gentis
1993 3181 2260 3232 historiam
2276 3185 2451 3233 Roma
2462 3194 2639 3251 petere

793 3281 923 3333 opus
967 3275 1111 3315 erant
1129 3301 1146 3328 ,
1184 3282 1292 3315 non
1318 3282 1349 3315 a
1375 3280 1429 3315 se
1459 3263 1625 3314 ablata
1647 3299 1664 3328 ,
1705 3264 1796 3314 sed
1825 3280 1979 3331 opera
2006 3278 2264 3315 romum
2287 3301 2303 3328 ‚
2344 3265 2634 3333 Presbyteri

795 3347 1183 3411 Londinensis,
1235 3364 1289 3398 se
1320 3348 1576 3415 accepisse
1606 3355 1833 3398 testatur.
1901 3346 2025 3398 vid.
2055 3348 2234 3414 Epist.
2265 3349 2336 3398 ad
2361 3362 2638 3400 osotwnt-

794 3444 937 3483 ruun
987 3447 1161 3496 regem
1209 3429 1459 3482 Historiae
1507 3446 1628 3481 suae
1670 3428 1921 3498 praefixa.
2034 3428 2279 3499 Quamvis
2317 3440 2489 3481 autem
2510 3467 2526 3495 ,
2577 3440 2637 3480 ut

796 3523 934 3564 reete
981 3513 1109 3565 dicit
1148 3528 1358 3565 naim„
1387 3513 1428 3564 1.
1455 3513 1497 3564 1.
1526 3511 1827 3580 responderi
1867 3522 2069 3581 potest,
2108 3529 2230 3564 eum
2250 3549 2267 3577 ,
2304 3512 2537 3564 nondum
2568 3513 2634 3564 de

796 3595 1066 3647 scribenda
1111 3594 1324 3646 historia
1367 3596 1715 3663 cogitantem,
1763 3595 1830 3646 de
1870 3598 2225 3647 monumentis
2267 3597 2390 3647 huie
2417 3596 2637 3648 consilio

796 3677 1100 3727 necessariis
1141 3693 1248 3728 non
1290 3676 1451 3728 fuisse
1493 3677 1772 3728 sollicitum
1794 3714 1809 3740 ‚
1860 3677 2239 3743 haec-tamen,
2292 3690 2344 3730 et
2372 3696 2502 3747 quae
2532 3679 2633 3730 alia

795 3757 1053 3826 ejusmodi
1079 3758 1360 3810 afferuntur
1386 3770 1687 3827 argumenta
1709 3761 1857 3828 (vid.
1884 3763 2264 3830 Biogr.Brit.)
2284 3762 2422 3814 haud
2448 3763 2635 3816 leviter

796 3851 1021 3893 nostram
1050 3843 1361 3893 sententiam
1387 3843 1708 3895 corroborare
1735 3844 1997 3895 videntur.

667 3928 752 3997 (4)
793 3926 919 3979 Pul
943 3924 1246 3993 (francisci
1265 3960 1284 3989 ,
1310 3927 1537 3977 Antonii
1549 3928 1778 3996 nepotis)
1798 3929 2139 3980 Breviorinm
2158 3929 2637 3980 Historico-Ghro-

800 4013 1064 4075 nologico-
1075 4011 1348 4075 Criticum,
1365 4011 1658 4062 illustriora
1670 4013 1878 4079 Pontis.
1889 4013 2044 4064 Rom.
2052 4017 2225 4078 gesta,
2237 4013 2430 4064 Concil.
2449 4014 2637 4063 Gener.

808 4099 984 4160 Acta,
1037 4100 1129 4147 cet.
1173 4097 1538 4163 complectens,
1576 4095 1735 4148 1717.
1763 4096 1821 4146 in
1846 4094 2031 4164 Sergio
2063 4095 2095 4160 ᾗ
2125 4096 2212 4147 21.
2282 4095 2633 4149 Husomunus

809 4179 964 4230 etiam
989 4179 1051 4229 ad
1081 4179 1224 4235 diem
1252 4179 1322 4231 27
1349 4178 1545 4233 mensis
1572 4176 1716 4246 maji,
1749 4178 1806 4229 in
1834 4178 1935 4231 vita
1968 4192 2150 4245 nsvin,
2181 4189 2337 4233 totam
2362 4177 2632 4246 epistolam
