2922 5195
1285 505 1365 564 59

391 683 546 747 Non
602 682 712 746 abs
736 706 812 746 ⁴re
854 704 986 746 esse
1030 681 1282 746 videtur
1322 682 1430 745 hic
1480 702 1781 766 monere,
1836 682 2128 749 libellum
2173 685 2355 752 illum

304 800 383 864 de
428 800 700 864 Mulier-e
724 801 899 889 forti
916 847 935 881 ,
1004 799 1116 886 qui
1164 801 1232 863 in
1277 798 1681 864 Editionibus
1732 800 1922 866 Basil.
1977 801 2166 868 Tom.
2202 802 2348 870 VH.

303 940 374 1004 p.
413 916 729 1004 627-638,
769 917 1005 982 Colon.
1039 916 1230 982 Tom.
1257 916 1402 982 VII.
1438 939 1507 1004 p.
1536 914 1830 1004 459-467
1865 939 2152 983 seorsum
2187 922 2355 986 exhi-

302 1035 524 1117 betur,
589 1034 751 1099 nihil
797 1034 973 1099 aliud
1032 1035 1361 1100 continere
1415 1057 1605 1122 quam
1661 1051 2055 1124 postremam
2105 1053 2356 1127 partem

301 1151 763 1215 Commentarii
781 1174 990 1217 mmm
1009 1153 1078 1216 in
1095 1152 1450 1219 Proverbia
1465 1199 1484 1235 ,
1513 1153 1815 1218 nimirum
1832 1154 1901 1217 in
1921 1154 2079 1244 Cap.
2093 1155 2312 1220 XXXI
2328 1202 2350 1238 ‚

313 1267 546 1351 10-313
598 1269 793 1357 quod
816 1292 949 1335 non
990 1270 1200 1335 solum
1233 1269 1514 1335 editores
1544 1269 1829 1358 Operum
1865 1274 2032 1356 ejus,
2078 1271 2192 1337 sed
2224 1272 2359 1339 Cri·

298 1386 462 1451 ticos
493 1387 685 1452 etiam
708 1435 726 1470 ,
778 1410 938 1477 quos
971 1389 1288 1477 inspicere
1317 1387 1477 1452 mihi
1504 1387 1813 1476 contigit,
1861 1386 2095 1476 fugisse
2122 1389 2349 1455 miror.

305 1503 488 1585 Quae
515 1502 718 1593 porro
751 1505 993 1571 ibidem
1025 1530 1095 1595 p.
1129 1505 1296 1589 650,
1347 1521 1413 1571 et
1450 1530 1520 1595 p.
1554 1506 1687 1593 476
1730 1521 2114 1594 sequuntur,
2156 1509 2362 1596 Frag-

300 1634 514 1687 menta
535 1623 916 1713 allegoricae
939 1631 1476 1712 interpretationis
1502 1623 1953 1704 inProverhia,
1987 1625 2067 1689 ab
2091 1624 2356 1689 homine

298 1737 549 1805 incerto
594 1763 673 1805 ex
707 1763 917 1805 minui
964 1741 1361 1829 aliorumque
1401 1741 1653 1831 scriptis
1693 1740 2040 1829 compilata
2083 1763 2222 1806 esse
2259 1743 2356 1806 vi·

302 1855 557 1924 dentur.
607 1857 1113 1924 Adnotationem
1134 1859 1305 1924 enim
1336 1860 1404 1922 in
1421 1858 1927 1925 Proverbiorum
1955 1860 2115 1949 Cap.
2140 1860 2350 1943 XXX,

306 1975 460 2061 29-3
473 2000 531 2058 1,
552 1977 770 2065 paucis
794 1977 1102 2066 exceptiS,
1123 2001 1273 2042 cum
1293 1978 1827 2065 interpretatione
1851 1997 2064 2040 annm
2086 1976 2360 2041 omnino

301 2093 647 2158 convenire
679 2095 914 2182 reperi.

386 2210 467 2274 In
518 2210 786 2276 Cantica
835 2210 1277 2291 Canticoram,
1330 2208 1481 2273 libri
1529 2209 1683 2275 VII.

387 2328 655 2392 Exstant
692 2343 938 2416 septem
967 2327 1033 2415 hi
1068 2327 1213 2391 libri
1233 2373 1253 2408 ,
1304 2325 1540 2391 diversi
1579 2325 1930 2391 admodum
1963 2329 2351 2418 argumenti,

297 2443 368 2508 in
399 2442 572 2509 Edit.
609 2445 799 2510 Basil.
838 2444 1028 2511 Tom.
1065 2443 1158 2509 IV
1162 2469 1279 2534 p
1317 2444 1697 2531 984-11‘66,
1734 2444 1967 2513 Colon.
2006 2446 2196 2514 Tom.
2232 2447 2348 2515 IV.

299 2583 369 2649 p.
431 2561 747 2649 714-838.
841 2561 1039 2628 Liber¹
1095 2563 1336 2652 primus
1391 2563 1665 2653 scriptus
1724 2579 1821 2629 est
1863 2580 2092 2631 contra
2133 2588 2354 2633 sunu-

300 2700 441 2743 πως
475 2677 612 2767 (1),
661 2680 1054 2767 Episcopum
1102 2655 1510 2745 Celanemem
1552 2702 1592 2744 a
1631 2681 2014 2765 Campania,
2056 2679 2360 2744 eundem·

300 2817 455 2883 que,
482 2811 556 2859 ut
587 2797 914 2861 rhetorem
944 2795 1391 2883 peritissimum
1405 2842 1432 2876 ,.
1450 2796 1544 2857 ita
1572 2796 1815 2882 gratiae
1841 2796 1963 2859 Dei
1988 2810 2142 2884 post
2165 2815 2356 2861 1²81.»-

303 2934 476 2980 σωκ
546 2914 926 2979 acerrimum
979 2911 1409 2977 adversarium
1428 2959 1447 2995 ,
1530 2934 1610 2976 eo
1675 2912 1945 2978 consilio
1970 2961 1990 2997 ,
2062 2951 2148 2965 —
2211 2930 2359 2981 sunt

298 3033 491 3121 ipsius
547 3033 829 3098 auctoris
885 3032 1083 3096 verba
1101 3078 1121 3113 ,
1187 3069 1274 3081 --
1318 3046 1394 3095 ut
1458 3030 1666 3095 lector
1717 3030 1888 3095 illius
1941 3032 2063 3096 viri
2115 3034 2354 3122 scripta

298 3149 661 3215 cautissime
693 3150 864 3239 legat
881 3196 900 3230 ,
943 3170 1063 3213 «ne
1092 3169 1209 3236 per
1241 3148 1498 3236 copiam
1531 3147 1900 3234 loquentiae
1928 3148 2349 3235 blandientis,

300 3266 371 3330 in
428 3288 706 3332 coenum
754 3264 998 3332 incid-at
1053 3266 1387 3331 doctrinae
1443 3266 1737 3330 nocentis
1754 3311 1774 3349 ‚
1824 3288 2068 3330 verum·
2090 3267 2174 3330 -in
2222 3270 2358 3354 ejus

301 3384 492 3450 dictis
537 3405 724 3448 sanos
763 3407 980 3448 sensus
1015 3399 1333 3448 scrutetur
1378 3399 1443 3446 et
1487 3384 1679 3470 eligat
1693 3430 1714 3465 ‚
1760 3397 1828 3445 at
1863 3404 2000 3448 non
2030 3385 2239 3448 minus
2268 3386 2359 3449 vi.

302 3517 399 3569 tet
438 3502 696 3567 insanos
714 3548 733 3584 ,
781 3499 886 3565 vel
928 3499 1141 3588 potius
1185 3495 1346 3564 illud
1387 3497 1583 3561 faciat
1624 3519 1945 3563 Minonis:

482 3626 601 3702 Qui
621 3626 804 3706 legitis
825 3624 1019 3699 θοι-οε,
1043 3638 1099 3683 et
1119 3623 1274 3682 humi
1297 3624 1579 3683 nascentia
1599 3621 1807 3703 fragm,

480 3728 771 3809 Frigidus,
796 3750 831 3787 o
854 3728 1044 3808 pueri,
1066 3725 1244 3806 fugite
1265 3727 1420 3801 hinc,
1442 3727 1581 3785 latet
1603 3728 1800 3806 anguis
1820 3726 1879 3786 in
1899 3724 2132 3786 herba.»

304 3847 405 3911 De
436 3846 661 3909 ceteris
690 3859 903 3909 autem
927 3843 1107 3907 libris
1139 3840 1418 3910 eundem
1445 3841 1771 3909 audiamus
1802 3866 2046 3927 man,
2077 3844 2148 3908 in
2166 3844 2354 3918 Prae-

303 3963 547 4031 fatione
572 3959 652 4026 ad
670 3961 910 4026 librum
926 3962 1289 4048 septimum.
1321 3963 1423 4025 «In
1436 3963 1861 4061 Expositione
1882 3963 2130 4029 Cantici
2147 3960 2360 4026 Canti-

396 4227 480 4296 (1)
520 4226 647 4294 Leg.
680 4240 863 4279 vossms
897 4226 1043 4277 ΗΜ.
1076 4225 1259 4290 Pelag.
1287 4225 1408 4276 Lib.
1439 4224 1482 4276 I.
1512 4239 1622 4292 cap.
1652 4225 1705 4275 4.
1737 4223 1766 4286 ᾗ
1799 4223 1849 4272 4.
1936 4199 1943 4210 ’
