2922 5195
1291 526 1369 585 27

311 711 525 773 sciret.
621 708 703 770 Et
767 708 857 770 sic
916 720 1175 769 noctem
1238 705 1307 766 in
1367 704 1714 792 gratiarum
1776 707 2029 769 actione
2090 708 2360 799 pervigil

310 824 512 890 duxit.
604 824 686 887 Et
733 847 921 887 mane
972 822 1401 886 inlucescente
1422 869 1440 903 ,
1510 819 1581 883 id
1651 837 1745 885 est
1766 868 1787 901 ‚
1864 839 2086 910 quarta
2154 827 2314 891 feria
2338 876 2356 910 ,

311 943 640 1032 praecepit
698 940 1037 1030 diligenter
1079 940 1310 1021 scribi,
1356 962 1519 1026 quae
1570 961 2009 1029 coeperamuS.
2104 945 2186 1008 Et
2232 948 2362 1011 hoc

305 1059 479 1125 facto
501 1108 521 1143 ,
565 1082 763 1146 usque
807 1057 889 1120 ad
930 1057 1183 1121 tertiam
1223 1057 1452 1120 horam
1493 1057 1947 1123 ambulavimus
1990 1059 2224 1126 deinde
2266 1062 2361 1151 (1)

310 1201 459 1243 cum
520 1177 827 1265 Reliquiis
891 1174 1273 1239 Sanctorum
1303 1222 1323 1257 ,
1394 1191 1470 1239 ut
1534 1176 1934 1241 consuetudo
1993 1179 2160 1243 illius
2236 1180 2365 1245 diei

310 1297 640 1384 poscebat.
735 1295 911 1358 Unus
970 1316 1129 1358 vero
1195 1309 1332 1358 erat
1404 1316 1483 1376 ex
1557 1294 1746 1356 nobis
1820 1318 1965 1358 cum
2035 1297 2149 1362 illo
2171 1347 2189 1379 ,
2256 1301 2364 1386 qui

311 1413 469 1478 dixit
530 1414 659 1479 illi:
751 1411 1064 1494 «Adhuc,
1141 1412 1448 1501 Magister
1501 1410 1910 1477 dilectissime
1938 1460 1955 1495 ,
2016 1416 2364 1503 capitulum

313 1555 513 1596 unum
569 1530 747 1595 deest
799 1529 916 1618 (2).
1010 1528 1365 1595 Videturne
1414 1529 1537 1594 tibi
1596 1528 1858 1594 difficile
1903 1530 2032 1620 (3),
2099 1534 2240 1622 plus
2301 1550 2368 1600 te

310 1650 689 1739 interrogari
710 1647 776 1710 P»
840 1647 927 1711 At
962 1648 1102 1712 ille:
1154 1646 1413 1712 «Facile
1458 1663 1589 1729 est,
1639 1649 1847 1735 inquit
1866 1699 1883 1731 ,
1933 1651 2154 1739 accipe
2187 1668 2367 1717 tuum

315 1768 632 1833 calamum
664 1783 729 1830 et
775 1782 1097 1854 tempera,
1145 1781 1210 1830 et
1247 1765 1623 1829 festinanter
1668 1767 1944 1833 scribe.»
2013 1767 2207 1849 Quod
2256 1770 2367 1836 ille

310 1888 488 1952 fecit.
559 1885 749 1949 Nona
797 1898 1011 1947 autem
1051 1884 1207 1946 hora
1246 1880 1340 1971 (4)
1387 1881 1549 1947 dixit
1578 1884 1767 1949 mihi:
1813 1884 2184 1966 «Quaedam
2216 1912 2365 1977 pre-

311 2006 488 2069 ciosa
534 2004 602 2067 in
652 2025 798 2067 mea
843 2000 1118 2090 capsella
1164 2001 1410 2084 habeo,
1471 2000 1541 2064 id
1588 2017 1682 2065 est
1701 2051 1718 2084 ,
1769 2003 1984 2091 piper,
2042 2004 2252 2068 oraria
2301 2020 2368 2069 et

311 2124 571 2187 incensa
618 2119 745 2208 (5),
787 2117 899 2183 sed
953 2141 1138 2183 curre
1185 2119 1501 2183 velociter
1518 2167 1538 2202 ,
1596 2135 1662 2184 et
1704 2120 2121 2210 Presbyteros
2165 2124 2370 2187 nostri

313 2238 683 2305 monasterii
730 2235 939 2301 adduc
984 2235 1067 2300 ad
1114 2260 1219 2301 me
1239 2284 1257 2319 ,
1307 2253 1380 2300 ut
1422 2253 1489 2302 et
1540 2261 1660 2328 ego
1703 2240 2108 2323 munuscula,
2160 2241 2369 2328 qualia

389 2512 474 2582 (1)
514 2512 596 2562 Et
631 2512 726 2561 hoc
758 2512 983 2578 fecimus
1014 2526 1180 2576 usque
1207 2508 1278 2559 ad
1301 2510 1486 2560 horam
1517 2513 1743 2562 tertiam.
1814 2512 1874 2562 A
1898 2513 2058 2563 tertia
2086 2528 2207 2562 vero
2236 2512 2368 2563 hora
2427 2535 2432 2541 ·

523 2597 660 2648 amb.
692 2612 808 2647 mn.
838 2625 908 2636 --
939 2594 1204 2646 Lamnus
1232 2596 1390 2663 etiam
1417 2596 1743 2666 interpungit
1764 2594 1838 2665 (,)
1871 2608 1987 2665 post
2014 2599 2198 2649 horam
2215 2635 2231 2663 ,
2266 2599 2370 2649 ad-

521 2682 646 2732 ditis
673 2698 708 2730 a
737 2683 896 2730 tertia
920 2681 1053 2730 hora
1082 2680 1469 2730 ambulavimus
1495 2689 1595 2730 cet.

389 2766 476 2834 (2)
515 2767 713 2816 Desunt
753 2763 883 2814 haee
909 2764 1065 2814 verba
1096 2764 1248 2827 Mag.
1287 2763 1382 2813 dil.
1412 2762 1549 2829 apud
1582 2776 1697 2811 mn.
1729 2770 1779 2810 ct
1805 2770 1923 2828 post
1949 2778 2117 2812 unum
2142 2762 2286 2814 addit
2309 2766 2370 2814 de

525 2849 656 2898 libro
674 2884 691 2911 ,
724 2863 876 2913 quem
904 2846 1139 2896 dictasti.

387 2931 475 3000 (3)
514 2930 598 2981 Et
636 2930 845 2980 videtur
887 2929 985 2979 tibi
1021 2928 1226 2995 difficile
1269 2943 1391 2980 esse.
1460 2927 1588 2979 Lu..
1631 2927 1715 2978 Et
1753 2927 1964 2979 videtur
2002 2930 2132 2981 mihi
2166 2932 2372 2998 difficile

524 3015 624 3064 tibi
647 3028 769 3063 esse.
802 3027 917 3063 mn.

390 3098 474 3166 (4)
515 3098 610 3148 Ad
634 3113 827 3146 nonam
858 3098 1031 3146 autem
1061 3096 1266 3147 horam.
1295 3109 1406 3144 tn..

391 3181 476 3250 (5)
517 3181 594 3232 Eo
607 3181 836 3230 maxime
864 3188 1095 3247 tempore
1122 3179 1283 3230 moris
1311 3190 1451 3242 erat,
1481 3178 1922 3247 quemadmodum
1950 3179 2240 3231 observavit
2267 3197 2377 3232 uA-

526 3264 802 3314 mttox.in
819 3265 944 3315 Act.
971 3262 1479 3315 Ordin.Bened.l.l.
1510 3264 1702 3325 n⁰.1x,
1734 3276 1793 3314 ut
1809 3264 1862 3314 id
1890 3280 2057 3332 genus
2078 3280 2374 3316 munuscu-

524 3347 694 3396 lorum
725 3348 879 3397 amici
906 3347 1086 3397 darent
1115 3349 1509 3416 acciperentque
1527 3349 1582 3398 in
1597 3359 1837 3398 mutuum
1852 3349 2071 3399 caritatis
2088 3349 2367 3414 indicium,

526 3445 632 3479 non
662 3446 834 3479 rerum
863 3432 1091 3497 pretium
1123 3441 1409 3497 spectantes
1427 3464 1442 3490 ,
1483 3430 1573 3480 sed
1604 3431 1859 3479 animum.
1927 3430 2083 3479 Varia
2111 3430 2271 3498 hujus
2293 3433 2369 3481 rei

528 3512 768 3580 exempla
799 3513 946 3562 affert
971 3529 1037 3562 ex
1065 3527 1332 3562 nomnen
1348 3512 1595 3579 Epistolis
1613 3549 1628 3575 ,
1657 3512 1796 3562 unde
1822 3511 2191 3579 intelligimus,
2221 3513 2367 3576 thus,

525 3597 679 3664 piper
699 3632 713 3658 ,
761 3597 1067 3646 cinnamum
1086 3631 1101 3657 ,
1146 3595 1420 3663 graphium
1451 3604 1751 3663 argenteum
1773 3632 1788 3657 ,
1832 3596 1990 3665 pallia
2013 3633 2029 3659 ,
2068 3595 2188 3647 lecti
2220 3606 2369 3648 strata

524 3682 734 3749 caprina
754 3716 772 3744 ,
816 3679 1084 3748 accipitres
1102 3716 1118 3743 ,
1157 3679 1385 3730 falcones
1405 3716 1418 3741 ‚
1454 3688 1593 3730 scuta
1616 3715 1632 3741 ,
1679 3679 1880 3730 lanceas
1899 3715 1914 3741 ,
1960 3680 2073 3732 vini
2101 3679 2332 3748 cupellas
2350 3717 2366 3743 ,

524 3767 732 3815 muneri
770 3766 929 3815 missa
971 3781 1105 3816 esse.
1182 3762 1322 3832 Quin
1359 3777 1676 3815 Donucam
1701 3764 1789 3815 IV.
1827 3763 2057 3832 aliosque
2089 3762 2372 3814 Pontifices

528 3849 786 3901 Romanos
813 3868 919 3900 non
947 3867 1059 3899 raro
1084 3850 1339 3917 pectines,
1357 3848 1563 3918 specula
1588 3848 1790 3916 aliaque
1818 3848 2107 3899 istiusmodi
2135 3847 2366 3909 dedisse,

526 3932 586 3981 in
616 3933 846 3999 ipsorum
875 3931 1123 4000 Epistolis
1149 3932 1393 4000 legimus.
1445 3933 1582 4001 Quid
1621 3943 1792 3983 autern
1828 3933 2067 3984 Oraria?
2139 3930 2373 3997 Conjicit

530 4027 885 4076 mutuemus,
921 4030 979 4064 ea
1008 4014 1168 4065 fuisse
1200 4015 1413 4066 linteola
1440 4017 1618 4065 tenuia
1641 4052 1656 4077 ,
1688 4016 1881 4083 quibus
1907 4032 1965 4065 os
1990 4015 2124 4081 tergi
2156 4012 2368 4076 soleret,

531 4106 583 4147 et
610 4113 742 4163 quae
779 4098 993 4148 sabana
1019 4108 1166 4149 vocet
1194 4111 1491 4150 nummulus
1519 4100 1574 4148 in
1603 4099 1782 4163 Epist.
1812 4100 1904 4157 st),-
1932 4113 2056 4146 nam
2087 4094 2371 4146 secundum

528 4194 734 4232 vossium
768 4181 887 4233 Lib.
915 4182 1011 4235 ΠΙ.
1036 4183 1095 4233 de
1134 4185 1278 4233 vitiis
1317 4198 1470 4234 serm.
1513 4200 1559 4233 c.
1589 4181 1648 4231 31
1680 4217 1697 4245 ,
1736 4178 1869 4231 hanc
1898 4195 2077 4231 vocem
2109 4179 2179 4231 ita
2218 4194 2367 4246 saepe

527 4271 748 4313 sumtum
780 4278 915 4314 esse.
