2922 5195
1497 466 1624 559 62'

512 681 669 747 illud
730 703 843 769 per
895 679 1166 768 singulas
1220 676 1658 743 hebdomadas
1712 680 1779 740 in
1847 675 2172 742 Laudibus
2231 678 2549 742 matutinis

513 798 881 862 solemniter
924 813 1215 885 repetere
1258 796 1518 860 soleret.

594 916 673 977 In
707 913 936 978 librum
969 916 1049 979 B.
1086 915 1305 977 Patris
1348 934 1620 994 romu,
1666 913 2142 1000 explanationis
2174 913 2562 1001 allegoricae

508 1031 589 1096 de
634 1054 907 1097 cnmsro
949 1045 1018 1097 et
1062 1031 1395 1113 Ecclesia,
1448 1030 1611 1095 liber
1653 1054 1839 1096 ιιηιιε.

595 1148 797 1215 Adest
851 1151 923 1214 in
995 1172 1203 1214 annu:
1269 1149 1587 1237 Operibus
1650 1146 1825 1213 Edit.
1900 1147 2096 1213 Basil.
2169 1147 2359 1213 Tom.
2433 1145 2551 1213 IV.

504 1289 574 1355 p.
615 1263 900 1332 588-601
925 1315 944 1350 ‚
994 1269 1229 1333 Colon.
1269 1267 1460 1331 Tom.
1503 1265 1615 1332 IV.
1646 1290 1715 1355 p.
1744 1265 2063 1354 437-447.
2156 1265 2558 1355 Magnopere

509 1385 694 1470 hujus
764 1384 915 1448 libri
985 1385 1331 1451 lectionem
1395 1384 1809 1478 commendat
1865 1406 2056 1449 mnu.
2176 1413 2203 1440 α
2230 1383 2423 1447 Liber
2484 1381 2557 1448 S.

507 1497 712 1566 Patris
771 1525 1007 1567 romu
1025 1552 1043 1586 ‚
1097 1503 1337 1591 inquit,
1388 1518 1453 1568 et
1509 1503 1579 1567 in
1628 1501 1963 1592 superficie
2014 1501 2238 1566 literae
2290 1499 2555 1565 salubris

502 1635 683 1707 patet
725 1619 1082 1710 legentibus
1092 1667 1113 1701 ‚
1166 1636 1390 1710 utpote
1441 1622 1550 1708 qui
1609 1620 1896 1684 maximis
1950 1619 2120 1684 vitae
2169 1617 2432 1682 moralis
2488 1632 2555 1682 et

504 1738 810 1825 exemplis
859 1738 1141 1803 abundat
1183 1754 1248 1802 et
1293 1738 1577 1803 monitis·
1671 1739 1755 1801 Et
1793 1738 1847 1800 si
1876 1738 2013 1824 quis
2053 1734 2329 1801 eundem
2358 1735 2554 1800 etiam

502 1852 843 1942 allegorice
874 1855 1058 1917 novit
1088 1855 1494 1941 interpretari
1515 1900 1534 1935 ‚
1586 1870 1892 1940 quantum
1924 1877 2120 1941 poma
2162 1853 2368 1933 foliis,
2416 1868 2557 1916 tan·

499 1984 639 2033 tum
695 1971 1070 2034 interiorem
1128 1973 1262 2055 ejus
1314 1991 1568 2034 sensum
1625 1967 1801 2032 videt
1861 1969 2257 2057 simplicitati
2319 1968 2547 2032 literae

500 2103 844 2175 praestare.
939 2088 1219 2151 Maxima
1251 2110 1527 2175 namque
1574 2109 1833 2151 culusn
1880 2102 1946 2150 et
1984 2085 2310 2150 Ecclesiae
2347 2107 2555 2149 sacra-

502 2220 758 2289 menta,
808 2205 860 2270 si
911 2204 1278 2295 spiritaliter
1326 2204 1700 2295 intelligitur
1715 2252 1734 2287 ,
1783 2205 1853 2268 in
1902 2226 1971 2269 se
2022 2204 2356 2268 continere
2409 2224 2561 2290 pro·
2600 2179 2603 2182 ⁴

500 2314 713 2386 batur.
810 2322 1138 2410 Siquidem
1175 2322 1311 2412 ipse
1370 2345 1599 2387 ‘tonus
1633 2322 1944 2411 populum
1977 2321 2188 2385 Israc‘il
2223 2318 2510 2408 designat
2530 2366 2549 2401 ,

504 2441 616 2526 qui
632 2487 654 2520 ,
706 2441 951 2505 cunctis
994 2438 1286 2531 gentibus
1317 2440 1722 2506 idololatriae
1753 2439 1983 2504 deditis
2000 2488 2018 2520 ‚
2068 2440 2205 2526 ipse
2242 2438 2557 2503 serviebat

454 2631 460 2638 ‚
504 2557 647 2623 Deo
679 2555 807 2623 fide
840 2572 1017 2623 recta
1050 2574 1115 2623 et
1147 2559 1450 2648 operibus
1475 2558 1689 2645 justis„
1724 2558 1891 2634 sicut
1916 2555 1997 2622 de
2031 2577 2231 2620 *ronu
2253 2555 2558 2644 legitur.»

502 2715 509 2720 ·
594 2676 887 2764 Capitula
937 2677 1270 2741 lectionum
1333 2685 1402 2740 ἰη
1474 2675 1974 2741 Pentateuchum
2032 2697 2222 2756 uosl,
2270 2695 2508 2738 sosuuz
2527 2720 2548 2755 ,

497 2794 818 2860 Indicum.

590 2912 765 2974 Inter
814 2934 1023 2974 minut
1078 2911 1292 2997 Opera
1337 2911 1528 2973 Tom.
1565 2908 1693 2972 XIV.
1748 2908 1921 2972 Edit.
1961 2909 2152 2973 Basil.
2197 2932 2266 2995 p.
2314 2908 2551 2988 1-1o8‚

500 3024 735 3089 Colon.
764 3048 831 3113 p.
860 3024 1120 3112 19-167‚
1144 3025 1441 3114 leguntur
1456 3025 1916 3112 Expositiones
1933 3025 2208 3112 quinque
2232 3023 2551 3087 librorum

502 3164 723 3225 nous,
768 3159 834 3208 et
875 3143 1065 3207 Tom.
1121 3141 1298 3208 VIII.
1340 3141 1513 3207 Edit.
1569 3142 1760 3208 Basil.
1804 3166 1874 3229 p.
1932 3141 2258 3228 190-365,
2308 3142 2542 3208 Colon.

494 3260 844 3352 p.78-262‚
884 3263 1302 3348 Quaestiones
1325 3268 1394 3323 in
1417 3259 1916 3324 Pentateuchum
1932 3306 1951 3341 ,
1978 3281 2258 3341 susum,
2290 3259 2553 3323 Iudices

490 3393 564 3444 ‘et
596 3370 800 3444 nu'r'n.
895 3378 1126 3442 er'rus
1166 3378 1452 3443 Sinensis
1488 3398 1742 3465 quoque
1763 3425 1782 3459 ,
1827 3377 1898 3440 in
1921 3377 2231 3466 Catalogo
2263 3376 2551 3465 Operum

496 3520 706 3562 nunu
734 3496 869 3585 (1),
921 3518 1071 3562 cum
1111 3496 1508 3561 collectanea
1539 3511 1679 3559 tum
1721 3497 2140 3582 Quaestiones
2168 3496 2237 3558 in
2270 3494 2546 3588 quinque

498 3615 697 3679 libros
721 3637 929 3695 uosm,
961 3616 1380 3701 Quaestiones
1403 3614 1561 3677 item
1586 3613 1654 3676 in
1672 3635 1945 3695 sosium,
1969 3613 2003 3676 J
2005 3611 2222 3677 udices
2247 3627 2311 3675 et
2337 3634 2537 3691 nuru,

496 3747 832 3796 memorat.
928 3728 1170 3794 Verum
1212 3747 1461 3813 tamen,
1514 3753 1677 3818 quae
1708 3733 1776 3794 in
1814 3732 2023 3795 Tomo
2051 3730 2225 3795 VIII.
2259 3745 2539 3811 exstant,

497 3873 631 3916 non
681 3848 763 3914 ad
815 3871 1034 3914 nnnAM
1055 3896 1074 3930 ,
1123 3847 1236 3912 sed
1294 3846 1374 3912 ad
1420 3848 1819 3937 Scriptorem
1865 3848 2238 3916 recentioris
2283 3848 2542 3928 aetatiS,

586 4204 669 4270 (1)
712 4206 809 4274 Op.
841 4210 927 4258 cit.
959 4209 1075 4259 Lib.
1108 4210 1200 4262 IV.
1227 4228 1346 4277 pag.
1373 4210 1492 4260 218.
1527 4209 1589 4260 Α.
