<?xml version="1.0" encoding="UTF-8"?>
<!DOCTYPE html PUBLIC "-//W3C//DTD XHTML 1.0 Transitional//EN"
    "http://www.w3.org/TR/xhtml1/DTD/xhtml1-transitional.dtd">
<html xmlns="http://www.w3.org/1999/xhtml" xml:lang="en" lang="en">
 <head>
  <title>
</title>
<meta http-equiv="Content-Type" content="text/html;charset=utf-8" />
  <meta name='ocr-system' content='tesseract 3.04.00' />
  <meta name='ocr-capabilities' content='ocr_page ocr_carea ocr_par ocr_line ocrx_word'/>
</head>
<body>
  <div class='ocr_page' id='page_1' title='image "./disputatiohisto02gehlgoog_0016.png"; bbox 0 0 2922 5195; ppageno 0'>
   <div class='ocr_carea' id='block_1_1' title="bbox 1582 472 1619 532">
    <p class='ocr_par' dir='ltr' id='par_1_1' title="bbox 1582 472 1619 532">
     <span class='ocr_line' id='line_1_1' title="bbox 1582 472 1619 532; baseline 0 0"><span class='ocrx_word' id='word_1_1' title='bbox 1582 472 1619 532; x_wconf 88' lang='lat'><strong>2</strong></span> 
     </span>
    </p>
   </div>
   <div class='ocr_carea' id='block_1_2' title="bbox 589 637 2650 2745">
    <p class='ocr_par' dir='ltr' id='par_1_2' title="bbox 589 637 2650 1211">
     <span class='ocr_line' id='line_1_2' title="bbox 589 637 2636 739; baseline -0.002 -21"><span class='ocrx_word' id='word_1_2' title='bbox 589 637 851 736; x_wconf 58' lang='lat' dir='ltr'>eorum,</span> <span class='ocrx_word' id='word_1_3' title='bbox 922 674 1080 739; x_wconf 91' lang='lat' dir='ltr'>quae</span> <span class='ocrx_word' id='word_1_4' title='bbox 1129 651 1206 715; x_wconf 89' lang='lat' dir='ltr'>de</span> <span class='ocrx_word' id='word_1_5' title='bbox 1256 673 1321 714; x_wconf 90' lang='lat' dir='ltr'>se</span> <span class='ocrx_word' id='word_1_6' title='bbox 1367 652 1502 739; x_wconf 90' lang='lat' dir='ltr'>ipse</span> <span class='ocrx_word' id='word_1_7' title='bbox 1559 646 1822 713; x_wconf 84' lang='lat' dir='ltr'><strong>tradidit</strong></span> <span class='ocrx_word' id='word_1_8' title='bbox 1873 671 2035 736; x_wconf 71' lang='lat' dir='ltr'>anm</span> <span class='ocrx_word' id='word_1_9' title='bbox 2057 696 2075 731; x_wconf 90' lang='lat'>‚</span> <span class='ocrx_word' id='word_1_10' title='bbox 2143 649 2484 738; x_wconf 82' lang='lat' dir='ltr'>praecipue</span> <span class='ocrx_word' id='word_1_11' title='bbox 2533 669 2636 714; x_wconf 88' lang='lat' dir='ltr'>ra·</span> 
     </span>
     <span class='ocr_line' id='line_1_3' title="bbox 594 769 2638 857; baseline -0.002 -20"><span class='ocrx_word' id='word_1_12' title='bbox 594 775 837 837; x_wconf 88' lang='lat' dir='ltr'>tionem</span> <span class='ocrx_word' id='word_1_13' title='bbox 878 771 1222 836; x_wconf 83' lang='lat' dir='ltr'>habeamus</span> <span class='ocrx_word' id='word_1_14' title='bbox 1240 818 1259 852; x_wconf 85' lang='lat'>,</span> <span class='ocrx_word' id='word_1_15' title='bbox 1309 769 1710 857; x_wconf 86' lang='lat' dir='ltr'>Scriptorum</span> <span class='ocrx_word' id='word_1_16' title='bbox 1755 791 1907 832; x_wconf 88' lang='lat' dir='ltr'>vero</span> <span class='ocrx_word' id='word_1_17' title='bbox 1954 784 2101 856; x_wconf 93' lang='lat' dir='ltr'>post</span> <span class='ocrx_word' id='word_1_18' title='bbox 2149 790 2294 832; x_wconf 88' lang='lat' dir='ltr'>eum</span> <span class='ocrx_word' id='word_1_19' title='bbox 2327 770 2638 834; x_wconf 89' lang='lat' dir='ltr'>narratio-</span> 
     </span>
     <span class='ocr_line' id='line_1_4' title="bbox 599 885 2650 977; baseline -0.002 -23"><span class='ocrx_word' id='word_1_20' title='bbox 599 913 713 954; x_wconf 88' lang='lat' dir='ltr'>nes</span> <span class='ocrx_word' id='word_1_21' title='bbox 759 905 824 954; x_wconf 89' lang='lat' dir='ltr'>et</span> <span class='ocrx_word' id='word_1_22' title='bbox 867 889 1230 955; x_wconf 88' lang='lat' dir='ltr'>testimonia</span> <span class='ocrx_word' id='word_1_23' title='bbox 1271 888 1573 977; x_wconf 87' lang='lat' dir='ltr'>colligere</span> <span class='ocrx_word' id='word_1_24' title='bbox 1627 899 1693 951; x_wconf 80' lang='lat' dir='ltr'>e&#39;t</span> <span class='ocrx_word' id='word_1_25' title='bbox 1739 910 1883 951; x_wconf 90' lang='lat' dir='ltr'>cum</span> <span class='ocrx_word' id='word_1_26' title='bbox 1930 887 2052 950; x_wconf 86' lang='lat' dir='ltr'>illis</span> <span class='ocrx_word' id='word_1_27' title='bbox 2092 908 2502 974; x_wconf 86' lang='lat' dir='ltr'>comparare,</span> <span class='ocrx_word' id='word_1_28' title='bbox 2554 885 2650 950; x_wconf 90' lang='lat' dir='ltr'>di·</span> 
     </span>
     <span class='ocr_line' id='line_1_5' title="bbox 601 1001 2643 1096; baseline -0.002 -25"><span class='ocrx_word' id='word_1_29' title='bbox 601 1008 1018 1096; x_wconf 80' lang='lat' dir='ltr'>screpantias,</span> <span class='ocrx_word' id='word_1_30' title='bbox 1080 1006 1190 1070; x_wconf 92' lang='lat' dir='ltr'>ubi</span> <span class='ocrx_word' id='word_1_31' title='bbox 1239 1005 1378 1070; x_wconf 89' lang='lat' dir='ltr'>fieri</span> <span class='ocrx_word' id='word_1_32' title='bbox 1425 1020 1675 1093; x_wconf 85' lang='lat' dir='ltr'>potest,</span> <span class='ocrx_word' id='word_1_33' title='bbox 1735 1004 1992 1086; x_wconf 81' lang='lat' dir='ltr'>tollere,</span> <span class='ocrx_word' id='word_1_34' title='bbox 2038 1019 2145 1066; x_wconf 89' lang='lat' dir='ltr'>aut</span> <span class='ocrx_word' id='word_1_35' title='bbox 2197 1001 2351 1089; x_wconf 91' lang='lat' dir='ltr'>quid</span> <span class='ocrx_word' id='word_1_36' title='bbox 2403 1001 2485 1066; x_wconf 90' lang='lat' dir='ltr'>de</span> <span class='ocrx_word' id='word_1_37' title='bbox 2542 1004 2643 1067; x_wconf 89' lang='lat' dir='ltr'>his</span> 
     </span>
     <span class='ocr_line' id='line_1_6' title="bbox 596 1120 2636 1211; baseline 0.001 -25"><span class='ocrx_word' id='word_1_38' title='bbox 596 1123 943 1189; x_wconf 88' lang='lat' dir='ltr'>tenendum</span> <span class='ocrx_word' id='word_1_39' title='bbox 995 1125 1253 1211; x_wconf 89' lang='lat' dir='ltr'>verique</span> <span class='ocrx_word' id='word_1_40' title='bbox 1300 1122 1693 1187; x_wconf 91' lang='lat' dir='ltr'>simillimum</span> <span class='ocrx_word' id='word_1_41' title='bbox 1743 1122 1857 1204; x_wconf 87' lang='lat' dir='ltr'>sit,</span> <span class='ocrx_word' id='word_1_42' title='bbox 1920 1120 2256 1186; x_wconf 86' lang='lat' dir='ltr'>ostendere</span> <span class='ocrx_word' id='word_1_43' title='bbox 2303 1144 2636 1188; x_wconf 90' lang='lat' dir='ltr'>conemur.</span> 
     </span>
    </p>

    <p class='ocr_par' dir='ltr' id='par_1_3' title="bbox 593 1239 2650 2745">
     <span class='ocr_line' id='line_1_7' title="bbox 686 1239 2642 1329; baseline 0 -25"><span class='ocrx_word' id='word_1_44' title='bbox 686 1243 826 1306; x_wconf 86' lang='lat' dir='ltr'>Jam</span> <span class='ocrx_word' id='word_1_45' title='bbox 881 1240 961 1305; x_wconf 92' lang='lat' dir='ltr'>de</span> <span class='ocrx_word' id='word_1_46' title='bbox 990 1255 1082 1305; x_wconf 83' lang='lat' dir='ltr'>&#39;eo</span> <span class='ocrx_word' id='word_1_47' title='bbox 1126 1239 1511 1329; x_wconf 86' lang='lat' dir='ltr'>disputatum</span> <span class='ocrx_word' id='word_1_48' title='bbox 1550 1257 1677 1322; x_wconf 90' lang='lat' dir='ltr'>est,</span> <span class='ocrx_word' id='word_1_49' title='bbox 1741 1262 2019 1326; x_wconf 86' lang='lat' dir='ltr'>quonam</span> <span class='ocrx_word' id='word_1_50' title='bbox 2061 1262 2141 1302; x_wconf 83' lang='lat' dir='ltr'>ex</span> <span class='ocrx_word' id='word_1_51' title='bbox 2182 1239 2427 1327; x_wconf 90' lang='lat' dir='ltr'>populo</span> <span class='ocrx_word' id='word_1_52' title='bbox 2474 1263 2642 1304; x_wconf 70' lang='lat' dir='ltr'>mnu</span> 
     </span>
     <span class='ocr_line' id='line_1_8' title="bbox 599 1356 2648 1425; baseline 0 -5"><span class='ocrx_word' id='word_1_53' title='bbox 599 1374 774 1423; x_wconf 86' lang='lat' dir='ltr'>ortus</span> <span class='ocrx_word' id='word_1_54' title='bbox 821 1360 925 1425; x_wconf 92' lang='lat' dir='ltr'>sit.</span> <span class='ocrx_word' id='word_1_55' title='bbox 1020 1359 1293 1422; x_wconf 68' lang='lat' dir='ltr'>Hac-ron</span> <span class='ocrx_word' id='word_1_56' title='bbox 1337 1380 1660 1422; x_wconf 71' lang='lat' dir='ltr'>non-rmus</span> <span class='ocrx_word' id='word_1_57' title='bbox 1698 1371 1951 1421; x_wconf 86' lang='lat' dir='ltr'>narrat:</span> <span class='ocrx_word' id='word_1_58' title='bbox 2001 1356 2294 1419; x_wconf 79' lang='lat' dir='ltr'>«Italiam</span> <span class='ocrx_word' id='word_1_59' title='bbox 2344 1379 2490 1420; x_wconf 92' lang='lat' dir='ltr'>cum</span> <span class='ocrx_word' id='word_1_60' title='bbox 2529 1358 2648 1421; x_wconf 83' lang='lat' dir='ltr'>Al-</span> 
     </span>
     <span class='ocr_line' id='line_1_9' title="bbox 604 1472 2643 1556; baseline 0.001 -19"><span class='ocrx_word' id='word_1_61' title='bbox 604 1476 785 1539; x_wconf 83' lang='lat' dir='ltr'>bione</span> <span class='ocrx_word' id='word_1_62' title='bbox 843 1474 925 1539; x_wconf 91' lang='lat' dir='ltr'>de</span> <span class='ocrx_word' id='word_1_63' title='bbox 991 1499 1197 1539; x_wconf 67' lang='lat' dir='ltr'>annu.</span> <span class='ocrx_word' id='word_1_64' title='bbox 1256 1475 1633 1540; x_wconf 84' lang='lat' dir='ltr'>incunabilis</span> <span class='ocrx_word' id='word_1_65' title='bbox 1697 1473 2087 1539; x_wconf 85' lang='lat' dir='ltr'>contendere</span> <span class='ocrx_word' id='word_1_66' title='bbox 2108 1522 2126 1556; x_wconf 89' lang='lat'>‚</span> <span class='ocrx_word' id='word_1_67' title='bbox 2205 1472 2643 1539; x_wconf 85' lang='lat' dir='ltr'>adserentibus</span> 
     </span>
     <span class='ocr_line' id='line_1_10' title="bbox 598 1591 2643 1683; baseline 0.001 -27"><span class='ocrx_word' id='word_1_68' title='bbox 598 1594 779 1657; x_wconf 82' lang='lat' dir='ltr'>Italis</span> <span class='ocrx_word' id='word_1_69' title='bbox 834 1594 1075 1683; x_wconf 86' lang='lat' dir='ltr'>ipsum,</span> <span class='ocrx_word' id='word_1_70' title='bbox 1138 1595 1398 1659; x_wconf 83' lang='lat' dir='ltr'>Genuae</span> <span class='ocrx_word' id='word_1_71' title='bbox 1447 1609 1697 1676; x_wconf 85' lang='lat' dir='ltr'>natum,</span> <span class='ocrx_word' id='word_1_72' title='bbox 1747 1592 1838 1657; x_wconf 92' lang='lat' dir='ltr'>ibi</span> <span class='ocrx_word' id='word_1_73' title='bbox 1873 1591 2145 1680; x_wconf 89' lang='lat' dir='ltr'>denique</span> <span class='ocrx_word' id='word_1_74' title='bbox 2183 1592 2475 1657; x_wconf 86' lang='lat' dir='ltr'>ultimam</span> <span class='ocrx_word' id='word_1_75' title='bbox 2515 1595 2643 1658; x_wconf 90' lang='lat' dir='ltr'>sol-</span> 
     </span>
     <span class='ocr_line' id='line_1_11' title="bbox 598 1711 2646 1800; baseline 0.001 -27"><span class='ocrx_word' id='word_1_76' title='bbox 598 1712 758 1775; x_wconf 88' lang='lat' dir='ltr'>visse</span> <span class='ocrx_word' id='word_1_77' title='bbox 818 1729 1078 1776; x_wconf 85' lang='lat' dir='ltr'>naturae</span> <span class='ocrx_word' id='word_1_78' title='bbox 1143 1713 1584 1777; x_wconf 87' lang='lat' dir='ltr'>necessitatem</span> <span class='ocrx_word' id='word_1_79' title='bbox 1606 1761 1625 1795; x_wconf 85' lang='lat'>,</span> <span class='ocrx_word' id='word_1_80' title='bbox 1693 1711 2176 1800; x_wconf 81' lang='lat' dir='ltr'>sepulcrumque</span> <span class='ocrx_word' id='word_1_81' title='bbox 2234 1713 2365 1797; x_wconf 90' lang='lat' dir='ltr'>ejus</span> <span class='ocrx_word' id='word_1_82' title='bbox 2425 1713 2492 1774; x_wconf 92' lang='lat' dir='ltr'>in</span> <span class='ocrx_word' id='word_1_83' title='bbox 2549 1714 2646 1776; x_wconf 88' lang='lat' dir='ltr'>rei</span> 
     </span>
     <span class='ocr_line' id='line_1_12' title="bbox 600 1827 2648 1894; baseline 0.001 -3"><span class='ocrx_word' id='word_1_84' title='bbox 600 1827 792 1893; x_wconf 88' lang='lat' dir='ltr'>fidem</span> <span class='ocrx_word' id='word_1_85' title='bbox 841 1830 1145 1894; x_wconf 88' lang='lat' dir='ltr'>hactenus</span> <span class='ocrx_word' id='word_1_86' title='bbox 1194 1827 1421 1893; x_wconf 90' lang='lat' dir='ltr'>eadem</span> <span class='ocrx_word' id='word_1_87' title='bbox 1471 1830 1540 1892; x_wconf 90' lang='lat' dir='ltr'>in</span> <span class='ocrx_word' id='word_1_88' title='bbox 1594 1829 1850 1892; x_wconf 85' lang='lat' dir='ltr'>civitate</span> <span class='ocrx_word' id='word_1_89' title='bbox 1903 1829 2147 1893; x_wconf 88' lang='lat' dir='ltr'>cunctis</span> <span class='ocrx_word' id='word_1_90' title='bbox 2192 1828 2420 1892; x_wconf 90' lang='lat' dir='ltr'>haberi</span> <span class='ocrx_word' id='word_1_91' title='bbox 2462 1851 2648 1893; x_wconf 87' lang='lat' dir='ltr'>vene·</span> 
     </span>
     <span class='ocr_line' id='line_1_13' title="bbox 602 1944 2647 2035; baseline -0.002 -21"><span class='ocrx_word' id='word_1_92' title='bbox 602 1948 869 2014; x_wconf 75' lang='lat' dir='ltr'>rabile.»</span> <span class='ocrx_word' id='word_1_93' title='bbox 914 1945 1116 2014; x_wconf 90' lang='lat' dir='ltr'>Addit</span> <span class='ocrx_word' id='word_1_94' title='bbox 1138 1963 1384 2011; x_wconf 87' lang='lat' dir='ltr'>autem:</span> <span class='ocrx_word' id='word_1_95' title='bbox 1426 1944 1885 2033; x_wconf 71' lang='lat' dir='ltr'>«undecunque</span> <span class='ocrx_word' id='word_1_96' title='bbox 1910 1947 2173 2010; x_wconf 85' lang='lat' dir='ltr'>traxerit</span> <span class='ocrx_word' id='word_1_97' title='bbox 2198 1947 2543 2035; x_wconf 79' lang='lat' dir='ltr'>orig-inem,</span> <span class='ocrx_word' id='word_1_98' title='bbox 2579 1961 2647 2010; x_wconf 91' lang='lat' dir='ltr'>et</span> 
     </span>
     <span class='ocr_line' id='line_1_14' title="bbox 598 2065 2643 2152; baseline 0 -24"><span class='ocrx_word' id='word_1_99' title='bbox 598 2065 963 2152; x_wconf 89' lang='lat' dir='ltr'>ubicunque</span> <span class='ocrx_word' id='word_1_100' title='bbox 1012 2080 1297 2129; x_wconf 89' lang='lat' dir='ltr'>mortuus</span> <span class='ocrx_word' id='word_1_101' title='bbox 1339 2065 1534 2130; x_wconf 85' lang='lat' dir='ltr'>fuerit</span> <span class='ocrx_word' id='word_1_102' title='bbox 1553 2112 1573 2147; x_wconf 89' lang='lat'>‚</span> <span class='ocrx_word' id='word_1_103' title='bbox 1622 2066 1772 2129; x_wconf 88' lang='lat' dir='ltr'>satis</span> <span class='ocrx_word' id='word_1_104' title='bbox 1807 2080 2023 2131; x_wconf 88' lang='lat' dir='ltr'>tamen</span> <span class='ocrx_word' id='word_1_105' title='bbox 2065 2081 2358 2129; x_wconf 89' lang='lat' dir='ltr'>constare</span> <span class='ocrx_word' id='word_1_106' title='bbox 2394 2087 2472 2130; x_wconf 85' lang='lat' dir='ltr'>ex</span> <span class='ocrx_word' id='word_1_107' title='bbox 2512 2067 2643 2150; x_wconf 88' lang='lat' dir='ltr'>ejus</span> 
     </span>
     <span class='ocr_line' id='line_1_15' title="bbox 598 2180 2642 2271; baseline 0.001 -25"><span class='ocrx_word' id='word_1_108' title='bbox 598 2198 664 2247; x_wconf 91' lang='lat' dir='ltr'>et</span> <span class='ocrx_word' id='word_1_109' title='bbox 701 2182 971 2247; x_wconf 88' lang='lat' dir='ltr'>aliorum</span> <span class='ocrx_word' id='word_1_110' title='bbox 1013 2183 1260 2271; x_wconf 84' lang='lat' dir='ltr'>scriptis</span> <span class='ocrx_word' id='word_1_111' title='bbox 1279 2229 1298 2265; x_wconf 86' lang='lat'>‚</span> <span class='ocrx_word' id='word_1_112' title='bbox 1349 2180 1822 2250; x_wconf 86' lang='lat' dir='ltr'>adolescentem</span> <span class='ocrx_word' id='word_1_113' title='bbox 1859 2206 2007 2249; x_wconf 91' lang='lat' dir='ltr'>eum</span> <span class='ocrx_word' id='word_1_114' title='bbox 2041 2183 2110 2249; x_wconf 90' lang='lat' dir='ltr'>in</span> <span class='ocrx_word' id='word_1_115' title='bbox 2145 2182 2341 2247; x_wconf 85' lang='lat' dir='ltr'>Italia</span> <span class='ocrx_word' id='word_1_116' title='bbox 2357 2231 2376 2265; x_wconf 86' lang='lat'>‚</span> <span class='ocrx_word' id='word_1_117' title='bbox 2426 2205 2642 2250; x_wconf 87' lang='lat' dir='ltr'>senem</span> 
     </span>
     <span class='ocr_line' id='line_1_16' title="bbox 593 2299 2648 2390; baseline 0.004 -29"><span class='ocrx_word' id='word_1_118' title='bbox 593 2299 664 2362; x_wconf 90' lang='lat' dir='ltr'>in</span> <span class='ocrx_word' id='word_1_119' title='bbox 692 2299 1151 2365; x_wconf 74' lang='lat' dir='ltr'>Nortkumbria</span> <span class='ocrx_word' id='word_1_120' title='bbox 1169 2348 1189 2383; x_wconf 89' lang='lat'>‚</span> <span class='ocrx_word' id='word_1_121' title='bbox 1236 2301 1625 2389; x_wconf 86' lang='lat' dir='ltr'>frequentius</span> <span class='ocrx_word' id='word_1_122' title='bbox 1649 2302 1818 2366; x_wconf 89' lang='lat' dir='ltr'>inter</span> <span class='ocrx_word' id='word_1_123' title='bbox 1837 2302 2096 2390; x_wconf 89' lang='lat' dir='ltr'>piorum</span> <span class='ocrx_word' id='word_1_124' title='bbox 2116 2317 2372 2367; x_wconf 90' lang='lat' dir='ltr'>coetum</span> <span class='ocrx_word' id='word_1_125' title='bbox 2405 2303 2648 2369; x_wconf 71' lang='grc' dir='ltr'><em>Μείνας</em></span> 
     </span>
     <span class='ocr_line' id='line_1_17' title="bbox 594 2417 2649 2512; baseline 0.002 -32"><span class='ocrx_word' id='word_1_126' title='bbox 594 2417 941 2512; x_wconf 83' lang='lat' dir='ltr'>(Abbatiae</span> <span class='ocrx_word' id='word_1_127' title='bbox 1002 2420 1594 2506; x_wconf 87' lang='lat' dir='ltr'>monachorumque</span> <span class='ocrx_word' id='word_1_128' title='bbox 1653 2421 1977 2504; x_wconf 47' lang='lat' dir='ltr'>coenobii.</span> <span class='ocrx_word' id='word_1_129' title='bbox 2003 2419 2073 2482; x_wconf 92' lang='lat' dir='ltr'>id</span> <span class='ocrx_word' id='word_1_130' title='bbox 2133 2423 2372 2485; x_wconf 81' lang='lat' dir='ltr'>nomen</span> <span class='ocrx_word' id='word_1_131' title='bbox 2439 2437 2535 2486; x_wconf 91' lang='lat' dir='ltr'>est</span> <span class='ocrx_word' id='word_1_132' title='bbox 2580 2422 2649 2485; x_wconf 88' lang='lat' dir='ltr'>in</span> 
     </span>
     <span class='ocr_line' id='line_1_18' title="bbox 599 2521 2650 2626; baseline 0.002 -26"><span class='ocrx_word' id='word_1_133' title='bbox 599 2534 921 2600; x_wconf 82' lang='lat' dir='ltr'>Scotorum</span> <span class='ocrx_word' id='word_1_134' title='bbox 973 2521 1159 2625; x_wconf 85' lang='lat' dir='ltr'>agro,</span> <span class='ocrx_word' id='word_1_135' title='bbox 1229 2536 1504 2601; x_wconf 84' lang='lat' dir='ltr'>maxime</span> <span class='ocrx_word' id='word_1_136' title='bbox 1560 2536 1682 2626; x_wconf 90' lang='lat' dir='ltr'>piis</span> <span class='ocrx_word' id='word_1_137' title='bbox 1736 2552 1804 2602; x_wconf 93' lang='lat' dir='ltr'>et</span> <span class='ocrx_word' id='word_1_138' title='bbox 1852 2536 2149 2626; x_wconf 85' lang='lat' dir='ltr'>religioni</span> <span class='ocrx_word' id='word_1_139' title='bbox 2208 2535 2452 2603; x_wconf 87' lang='lat' dir='ltr'>devotis</span> <span class='ocrx_word' id='word_1_140' title='bbox 2498 2539 2650 2605; x_wconf 85' lang='lat' dir='ltr'>viris</span> 
     </span>
     <span class='ocr_line' id='line_1_19' title="bbox 600 2655 2648 2745; baseline 0.002 -28"><span class='ocrx_word' id='word_1_141' title='bbox 600 2676 851 2742; x_wconf 85' lang='lat' dir='ltr'>semper</span> <span class='ocrx_word' id='word_1_142' title='bbox 877 2655 1159 2745; x_wconf 86' lang='lat' dir='ltr'>insignis)</span> <span class='ocrx_word' id='word_1_143' title='bbox 1194 2656 1511 2720; x_wconf 88' lang='lat' dir='ltr'>habitasse</span> <span class='ocrx_word' id='word_1_144' title='bbox 1529 2703 1549 2738; x_wconf 89' lang='lat'>‚</span> <span class='ocrx_word' id='word_1_145' title='bbox 1597 2670 2038 2743; x_wconf 85' lang='lat' dir='ltr'>versatumque</span> <span class='ocrx_word' id='word_1_146' title='bbox 2074 2678 2244 2721; x_wconf 76' lang='lat' dir='ltr'>esse»</span> <span class='ocrx_word' id='word_1_147' title='bbox 2273 2655 2390 2745; x_wconf 88' lang='lat'>(1).</span> <span class='ocrx_word' id='word_1_148' title='bbox 2461 2657 2648 2722; x_wconf 88' lang='lat' dir='ltr'>Hanc</span> 
     </span>
    </p>
   </div>
   <div class='ocr_carea' id='block_1_3' title="bbox 682 2865 2678 4272">
    <p class='ocr_par' dir='ltr' id='par_1_4' title="bbox 682 2865 2678 4272">
     <span class='ocr_line' id='line_1_20' title="bbox 682 2865 2651 2938; baseline 0.004 -24"><span class='ocrx_word' id='word_1_149' title='bbox 682 2865 764 2930; x_wconf 86' lang='lat'>(1)</span> <span class='ocrx_word' id='word_1_150' title='bbox 806 2866 925 2916; x_wconf 80' lang='lat' dir='ltr'>vid.</span> <span class='ocrx_word' id='word_1_151' title='bbox 960 2881 1155 2917; x_wconf 70' lang='lat' dir='ltr'>utor-on</span> <span class='ocrx_word' id='word_1_152' title='bbox 1188 2883 1430 2920; x_wconf 70' lang='lat' dir='ltr'>nonnius</span> <span class='ocrx_word' id='word_1_153' title='bbox 1468 2870 1813 2918; x_wconf 76' lang='lat' dir='ltr'>Deidonanus</span> <span class='ocrx_word' id='word_1_154' title='bbox 1841 2870 1897 2917; x_wconf 82' lang='lat' dir='ltr'>in</span> <span class='ocrx_word' id='word_1_155' title='bbox 1934 2870 2210 2920; x_wconf 82' lang='lat' dir='ltr'>Scotorum</span> <span class='ocrx_word' id='word_1_156' title='bbox 2239 2871 2384 2921; x_wconf 81' lang='lat' dir='ltr'>Ilist.</span> <span class='ocrx_word' id='word_1_157' title='bbox 2416 2887 2451 2921; x_wconf 88' lang='lat' dir='ltr'>a</span> <span class='ocrx_word' id='word_1_158' title='bbox 2470 2873 2651 2938; x_wconf 82' lang='lat' dir='ltr'>prima</span> 
     </span>
     <span class='ocr_line' id='line_1_21' title="bbox 810 2949 2651 3020; baseline 0.003 -24"><span class='ocrx_word' id='word_1_159' title='bbox 810 2951 984 3011; x_wconf 73' lang='lat' dir='ltr'>gentis</span> <span class='ocrx_word' id='word_1_160' title='bbox 1025 2951 1262 3012; x_wconf 80' lang='lat' dir='ltr'>origine,</span> <span class='ocrx_word' id='word_1_161' title='bbox 1330 2949 1440 3000; x_wconf 86' lang='lat' dir='ltr'>Par.</span> <span class='ocrx_word' id='word_1_162' title='bbox 1483 2950 1640 3001; x_wconf 81' lang='lat'>1574.</span> <span class='ocrx_word' id='word_1_163' title='bbox 1687 2950 1806 2999; x_wconf 88' lang='lat' dir='ltr'>Lib.</span> <span class='ocrx_word' id='word_1_164' title='bbox 1850 2949 1939 3000; x_wconf 83' lang='lat' dir='ltr'>lx.</span> <span class='ocrx_word' id='word_1_165' title='bbox 1986 2970 2103 3020; x_wconf 84' lang='lat' dir='ltr'>pag.</span> <span class='ocrx_word' id='word_1_166' title='bbox 2146 2954 2265 3002; x_wconf 85' lang='lat'>181.</span> <span class='ocrx_word' id='word_1_167' title='bbox 2352 2954 2651 3011; x_wconf 81' lang='lat' dir='ltr'>Excitantur</span> 
     </span>
     <span class='ocr_line' id='line_1_22' title="bbox 816 3031 2648 3100; baseline 0.004 -21"><span class='ocrx_word' id='word_1_168' title='bbox 816 3047 1025 3097; x_wconf 85' lang='lat' dir='ltr'>quoque</span> <span class='ocrx_word' id='word_1_169' title='bbox 1053 3031 1117 3080; x_wconf 92' lang='lat' dir='ltr'>ab</span> <span class='ocrx_word' id='word_1_170' title='bbox 1144 3047 1188 3082; x_wconf 84' lang='lat' dir='ltr'>J.</span> <span class='ocrx_word' id='word_1_171' title='bbox 1220 3046 1428 3085; x_wconf 56' lang='lat' dir='ltr'>winizo</span> <span class='ocrx_word' id='word_1_172' title='bbox 1458 3034 1516 3082; x_wconf 85' lang='lat' dir='ltr'>in</span> <span class='ocrx_word' id='word_1_173' title='bbox 1538 3033 1703 3084; x_wconf 76' lang='lat' dir='ltr'>Praef.</span> <span class='ocrx_word' id='word_1_174' title='bbox 1734 3033 1798 3083; x_wconf 84' lang='lat' dir='ltr'>ad</span> <span class='ocrx_word' id='word_1_175' title='bbox 1835 3034 2024 3100; x_wconf 76' lang='lat' dir='ltr'>opusc.</span> <span class='ocrx_word' id='word_1_176' title='bbox 2055 3037 2229 3085; x_wconf 87' lang='lat' dir='ltr'>Bedae</span> <span class='ocrx_word' id='word_1_177' title='bbox 2258 3035 2648 3098; x_wconf 78' lang='lat' dir='ltr'>nublin.1664‚</span> 
     </span>
     <span class='ocr_line' id='line_1_23' title="bbox 817 3116 2678 3184; baseline 0.004 -21"><span class='ocrx_word' id='word_1_178' title='bbox 817 3128 1046 3165; x_wconf 67' lang='lat' dir='ltr'>amun.</span> <span class='ocrx_word' id='word_1_179' title='bbox 1066 3116 1123 3165; x_wconf 86' lang='lat' dir='ltr'><em>V</em></span> <span class='ocrx_word' id='word_1_180' title='bbox 1116 3117 1480 3179; x_wconf 71' lang='lat' dir='ltr'>olaterranuS,</span> <span class='ocrx_word' id='word_1_181' title='bbox 1518 3118 1689 3184; x_wconf 89' lang='lat' dir='ltr'>quiin</span> <span class='ocrx_word' id='word_1_182' title='bbox 1721 3118 2000 3171; x_wconf 84' lang='lat' dir='ltr'>Comment.</span> <span class='ocrx_word' id='word_1_183' title='bbox 2029 3121 2364 3171; x_wconf 82' lang='lat' dir='ltr'>Urbanorum</span> <span class='ocrx_word' id='word_1_184' title='bbox 2378 3119 2495 3170; x_wconf 85' lang='lat' dir='ltr'>Lib.</span> <span class='ocrx_word' id='word_1_185' title='bbox 2514 3119 2678 3177; x_wconf 67' lang='lat' dir='ltr'>XIV!</span> 
     </span>
     <span class='ocr_line' id='line_1_24' title="bbox 820 3196 2653 3269; baseline 0.003 -23"><span class='ocrx_word' id='word_1_186' title='bbox 820 3196 1115 3264; x_wconf 86' lang='lat' dir='ltr'>sepulcrum</span> <span class='ocrx_word' id='word_1_187' title='bbox 1159 3215 1318 3249; x_wconf 70' lang='lat' dir='ltr'>nanu</span> <span class='ocrx_word' id='word_1_188' title='bbox 1368 3201 1583 3250; x_wconf 83' lang='lat' dir='ltr'>Genuae</span> <span class='ocrx_word' id='word_1_189' title='bbox 1627 3201 1682 3250; x_wconf 90' lang='lat' dir='ltr'>in</span> <span class='ocrx_word' id='word_1_190' title='bbox 1728 3202 1899 3251; x_wconf 88' lang='lat' dir='ltr'>Italia</span> <span class='ocrx_word' id='word_1_191' title='bbox 1941 3201 2143 3252; x_wconf 81' lang='lat' dir='ltr'>ostendi</span> <span class='ocrx_word' id='word_1_192' title='bbox 2188 3202 2369 3263; x_wconf 83' lang='lat' dir='ltr'>refert3</span> <span class='ocrx_word' id='word_1_193' title='bbox 2418 3211 2468 3251; x_wconf 86' lang='lat' dir='ltr'>et</span> <span class='ocrx_word' id='word_1_194' title='bbox 2498 3201 2653 3269; x_wconf 83' lang='lat' dir='ltr'>longe</span> 
     </span>
     <span class='ocr_line' id='line_1_25' title="bbox 822 3266 2659 3353; baseline 0.002 -24"><span class='ocrx_word' id='word_1_195' title='bbox 822 3289 939 3331; x_wconf 81' lang='lat' dir='ltr'>ante</span> <span class='ocrx_word' id='word_1_196' title='bbox 984 3297 1105 3331; x_wconf 88' lang='lat' dir='ltr'>eum</span> <span class='ocrx_word' id='word_1_197' title='bbox 1149 3296 1394 3333; x_wconf 61' lang='lat' dir='ltr'>uouemus</span> <span class='ocrx_word' id='word_1_198' title='bbox 1437 3284 1970 3349; x_wconf 71' lang='lat' dir='ltr'>Augustodunensis‚</span> <span class='ocrx_word' id='word_1_199' title='bbox 2023 3286 2114 3353; x_wconf 88' lang='lat' dir='ltr'>qui</span> <span class='ocrx_word' id='word_1_200' title='bbox 2159 3284 2275 3335; x_wconf 87' lang='lat' dir='ltr'>init.</span> <span class='ocrx_word' id='word_1_201' title='bbox 2317 3266 2557 3335; x_wconf 76' lang='lat' dir='ltr'>¹Lib.1V.</span> <span class='ocrx_word' id='word_1_202' title='bbox 2600 3285 2659 3333; x_wconf 82' lang='lat' dir='ltr'>de</span> 
     </span>
     <span class='ocr_line' id='line_1_26' title="bbox 827 3366 2655 3436; baseline 0.001 -20"><span class='ocrx_word' id='word_1_203' title='bbox 827 3366 1133 3433; x_wconf 72' lang='lat' dir='ltr'>scriptorib.</span> <span class='ocrx_word' id='word_1_204' title='bbox 1151 3368 1350 3418; x_wconf 75' lang='lat' dir='ltr'>EccleS.</span> <span class='ocrx_word' id='word_1_205' title='bbox 1373 3404 1390 3432; x_wconf 88' lang='lat'>‚</span> <span class='ocrx_word' id='word_1_206' title='bbox 1430 3383 1596 3420; x_wconf 66' lang='lat' dir='ltr'>nsum</span> <span class='ocrx_word' id='word_1_207' title='bbox 1623 3370 1825 3420; x_wconf 83' lang='lat' dir='ltr'>Romae</span> <span class='ocrx_word' id='word_1_208' title='bbox 1852 3379 2114 3419; x_wconf 84' lang='lat' dir='ltr'>mortuum</span> <span class='ocrx_word' id='word_1_209' title='bbox 2141 3379 2194 3418; x_wconf 88' lang='lat' dir='ltr'>et</span> <span class='ocrx_word' id='word_1_210' title='bbox 2219 3366 2482 3436; x_wconf 83' lang='lat' dir='ltr'>sepultum</span> <span class='ocrx_word' id='word_1_211' title='bbox 2509 3366 2655 3428; x_wconf 76' lang='lat' dir='ltr'>dicit,</span> 
     </span>
     <span class='ocr_line' id='line_1_27' title="bbox 819 3449 2659 3520; baseline -0.003 -18"><span class='ocrx_word' id='word_1_212' title='bbox 819 3452 996 3502; x_wconf 83' lang='lat' dir='ltr'>Exstat</span> <span class='ocrx_word' id='word_1_213' title='bbox 1048 3454 1205 3502; x_wconf 86' lang='lat' dir='ltr'>etiam</span> <span class='ocrx_word' id='word_1_214' title='bbox 1261 3453 1482 3504; x_wconf 85' lang='lat' dir='ltr'>narratio</span> <span class='ocrx_word' id='word_1_215' title='bbox 1534 3454 1791 3520; x_wconf 80' lang='lat' dir='ltr'>quaedam</span> <span class='ocrx_word' id='word_1_216' title='bbox 1832 3453 1899 3503; x_wconf 85' lang='lat' dir='ltr'>de</span> <span class='ocrx_word' id='word_1_217' title='bbox 1942 3466 2070 3502; x_wconf 59' lang='lat' dir='ltr'>una</span> <span class='ocrx_word' id='word_1_218' title='bbox 2112 3453 2313 3501; x_wconf 86' lang='lat' dir='ltr'>Romae</span> <span class='ocrx_word' id='word_1_219' title='bbox 2352 3449 2556 3518; x_wconf 83' lang='lat' dir='ltr'>sepulto</span> <span class='ocrx_word' id='word_1_220' title='bbox 2601 3450 2659 3498; x_wconf 87' lang='lat' dir='ltr'>in</span> 
     </span>
     <span class='ocr_line' id='line_1_28' title="bbox 819 3532 2658 3605; baseline -0.002 -20"><span class='ocrx_word' id='word_1_221' title='bbox 819 3535 1033 3587; x_wconf 77' lang='lat' dir='ltr'>Basilica</span> <span class='ocrx_word' id='word_1_222' title='bbox 1075 3539 1338 3588; x_wconf 86' lang='lat' dir='ltr'>Vaticana</span> <span class='ocrx_word' id='word_1_223' title='bbox 1356 3574 1372 3601; x_wconf 88' lang='lat'>‚</span> <span class='ocrx_word' id='word_1_224' title='bbox 1422 3537 1489 3588; x_wconf 86' lang='lat' dir='ltr'>de</span> <span class='ocrx_word' id='word_1_225' title='bbox 1518 3555 1623 3605; x_wconf 92' lang='lat' dir='ltr'>quo</span> <span class='ocrx_word' id='word_1_226' title='bbox 1654 3538 1916 3588; x_wconf 86' lang='lat' dir='ltr'>Romanus</span> <span class='ocrx_word' id='word_1_227' title='bbox 1946 3535 2239 3587; x_wconf 80' lang='lat' dir='ltr'>Canonicus</span> <span class='ocrx_word' id='word_1_228' title='bbox 2266 3550 2307 3584; x_wconf 77' lang='lat'>8.</span> <span class='ocrx_word' id='word_1_229' title='bbox 2338 3547 2486 3584; x_wconf 69' lang='lat' dir='ltr'>nrm</span> <span class='ocrx_word' id='word_1_230' title='bbox 2519 3532 2658 3602; x_wconf 89' lang='lat' dir='ltr'>apud</span> 
     </span>
     <span class='ocr_line' id='line_1_29' title="bbox 818 3618 2662 3686; baseline -0.002 -17"><span class='ocrx_word' id='word_1_231' title='bbox 818 3633 1206 3671; x_wconf 66' lang='lat' dir='ltr'>mutuorum:</span> <span class='ocrx_word' id='word_1_232' title='bbox 1244 3620 1593 3686; x_wconf 78' lang='lat' dir='ltr'>«Requiescit</span> <span class='ocrx_word' id='word_1_233' title='bbox 1620 3623 1779 3670; x_wconf 86' lang='lat' dir='ltr'>etiam</span> <span class='ocrx_word' id='word_1_234' title='bbox 1804 3625 1924 3671; x_wconf 84' lang='lat' dir='ltr'>ante</span> <span class='ocrx_word' id='word_1_235' title='bbox 1945 3624 2159 3686; x_wconf 83' lang='lat' dir='ltr'>portam</span> <span class='ocrx_word' id='word_1_236' title='bbox 2189 3622 2490 3682; x_wconf 75' lang='lat' dir='ltr'>argenteam</span> <span class='ocrx_word' id='word_1_237' title='bbox 2510 3653 2525 3681; x_wconf 93' lang='lat'>,</span> <span class='ocrx_word' id='word_1_238' title='bbox 2565 3618 2662 3667; x_wconf 78' lang='lat' dir='ltr'>sub</span> 
     </span>
     <span class='ocr_line' id='line_1_30' title="bbox 820 3703 2656 3772; baseline 0.001 -22"><span class='ocrx_word' id='word_1_239' title='bbox 820 3708 939 3751; x_wconf 85' lang='lat' dir='ltr'>rota</span> <span class='ocrx_word' id='word_1_240' title='bbox 982 3705 1174 3754; x_wconf 80' lang='lat' dir='ltr'>scilicet</span> <span class='ocrx_word' id='word_1_241' title='bbox 1190 3705 1566 3772; x_wconf 79' lang='lat' dir='ltr'>porphyretica</span> <span class='ocrx_word' id='word_1_242' title='bbox 1586 3738 1601 3766; x_wconf 91' lang='lat'>,</span> <span class='ocrx_word' id='word_1_243' title='bbox 1639 3709 1704 3754; x_wconf 79' lang='lat' dir='ltr'>ut</span> <span class='ocrx_word' id='word_1_244' title='bbox 1733 3721 1767 3754; x_wconf 97' lang='lat' dir='ltr'>a</span> <span class='ocrx_word' id='word_1_245' title='bbox 1795 3706 1994 3755; x_wconf 71' lang='lat' dir='ltr'>nostris</span> <span class='ocrx_word' id='word_1_246' title='bbox 2021 3703 2309 3769; x_wconf 69' lang='lat' dir='ltr'>maioribus</span> <span class='ocrx_word' id='word_1_247' title='bbox 2338 3703 2656 3766; x_wconf 71' lang='lat' dir='ltr'>accepimus,</span> 
     </span>
     <span class='ocr_line' id='line_1_31' title="bbox 826 3784 2666 3854; baseline 0 -22"><span class='ocrx_word' id='word_1_248' title='bbox 826 3785 1151 3835; x_wconf 78' lang='lat' dir='ltr'>Venerabilis</span> <span class='ocrx_word' id='word_1_249' title='bbox 1188 3787 1473 3854; x_wconf 79' lang='lat' dir='ltr'>Presbyter</span> <span class='ocrx_word' id='word_1_250' title='bbox 1511 3800 1674 3849; x_wconf 70' lang='lat' dir='ltr'>anm,</span> <span class='ocrx_word' id='word_1_251' title='bbox 1725 3790 1822 3853; x_wconf 81' lang='lat' dir='ltr'>qui</span> <span class='ocrx_word' id='word_1_252' title='bbox 1853 3789 1988 3854; x_wconf 85' lang='lat' dir='ltr'>fecit</span> <span class='ocrx_word' id='word_1_253' title='bbox 2033 3786 2307 3835; x_wconf 82' lang='lat' dir='ltr'>homilias:</span> <span class='ocrx_word' id='word_1_254' title='bbox 2358 3787 2408 3834; x_wconf 89' lang='lat' dir='ltr'>et</span> <span class='ocrx_word' id='word_1_255' title='bbox 2449 3784 2511 3832; x_wconf 94' lang='lat' dir='ltr'>ob</span> <span class='ocrx_word' id='word_1_256' title='bbox 2554 3784 2666 3848; x_wconf 71' lang='lat' dir='ltr'>ejus</span> 
     </span>
     <span class='ocr_line' id='line_1_32' title="bbox 822 3869 2658 3936; baseline -0.002 -19"><span class='ocrx_word' id='word_1_257' title='bbox 822 3872 1159 3918; x_wconf 84' lang='lat' dir='ltr'>reverentiam</span> <span class='ocrx_word' id='word_1_258' title='bbox 1202 3871 1412 3936; x_wconf 77' lang='lat' dir='ltr'>antiqui</span> <span class='ocrx_word' id='word_1_259' title='bbox 1454 3872 1627 3920; x_wconf 77' lang='lat' dir='ltr'>nostri</span> <span class='ocrx_word' id='word_1_260' title='bbox 1660 3872 1875 3936; x_wconf 67' lang='lat' dir='ltr'>penitus</span> <span class='ocrx_word' id='word_1_261' title='bbox 1919 3887 2023 3920; x_wconf 85' lang='lat' dir='ltr'>non</span> <span class='ocrx_word' id='word_1_262' title='bbox 2064 3869 2363 3921; x_wconf 77' lang='lat' dir='ltr'>transibant</span> <span class='ocrx_word' id='word_1_263' title='bbox 2383 3883 2485 3933; x_wconf 83' lang='lat' dir='ltr'>per</span> <span class='ocrx_word' id='word_1_264' title='bbox 2511 3882 2621 3917; x_wconf 87' lang='lat' dir='ltr'>eam</span> <span class='ocrx_word' id='word_1_265' title='bbox 2643 3901 2658 3927; x_wconf 91' lang='lat'>‚</span> 
     </span>
     <span class='ocr_line' id='line_1_33' title="bbox 820 3953 2661 4022; baseline -0.001 -22"><span class='ocrx_word' id='word_1_266' title='bbox 820 3967 913 4001; x_wconf 85' lang='lat' dir='ltr'>nec</span> <span class='ocrx_word' id='word_1_267' title='bbox 936 3968 1030 4002; x_wconf 79' lang='lat' dir='ltr'>nos</span> <span class='ocrx_word' id='word_1_268' title='bbox 1058 3954 1284 4002; x_wconf 82' lang='lat' dir='ltr'>transire</span> <span class='ocrx_word' id='word_1_269' title='bbox 1298 3954 1684 4019; x_wconf 83' lang='lat' dir='ltr'>permittebant.</span> <span class='ocrx_word' id='word_1_270' title='bbox 1704 3973 1733 4002; x_wconf 88' lang='lat'>»</span> <span class='ocrx_word' id='word_1_271' title='bbox 1787 3953 1920 4006; x_wconf 89' lang='lat' dir='ltr'>Sunt</span> <span class='ocrx_word' id='word_1_272' title='bbox 1948 3965 1999 4006; x_wconf 84' lang='lat' dir='ltr'>et</span> <span class='ocrx_word' id='word_1_273' title='bbox 2023 3955 2117 4022; x_wconf 87' lang='lat' dir='ltr'>qui</span> <span class='ocrx_word' id='word_1_274' title='bbox 2154 3953 2328 4003; x_wconf 80' lang='lat' dir='ltr'>Saxo-</span> <span class='ocrx_word' id='word_1_275' title='bbox 2341 3954 2661 4003; x_wconf 82' lang='lat' dir='ltr'>Germanum</span> 
     </span>
     <span class='ocr_line' id='line_1_34' title="bbox 825 4036 2656 4105; baseline -0.002 -20"><span class='ocrx_word' id='word_1_276' title='bbox 825 4053 946 4085; x_wconf 86' lang='lat' dir='ltr'>eum</span> <span class='ocrx_word' id='word_1_277' title='bbox 962 4036 1119 4087; x_wconf 89' lang='lat' dir='ltr'>fuisse</span> <span class='ocrx_word' id='word_1_278' title='bbox 1136 4036 1339 4099; x_wconf 84' lang='lat' dir='ltr'>dicant,</span> <span class='ocrx_word' id='word_1_279' title='bbox 1366 4048 1421 4088; x_wconf 86' lang='lat' dir='ltr'>ut</span> <span class='ocrx_word' id='word_1_280' title='bbox 1437 4053 1485 4087; x_wconf 80' lang='lat' dir='ltr'>r.</span> <span class='ocrx_word' id='word_1_281' title='bbox 1504 4052 1697 4089; x_wconf 67' lang='lat' dir='ltr'>nucu</span> <span class='ocrx_word' id='word_1_282' title='bbox 1716 4049 1766 4089; x_wconf 86' lang='lat' dir='ltr'>et</span> <span class='ocrx_word' id='word_1_283' title='bbox 1783 4053 2120 4089; x_wconf 65' lang='lat' dir='ltr'>nucetausms</span> <span class='ocrx_word' id='word_1_284' title='bbox 2140 4073 2153 4098; x_wconf 89' lang='lat'>,</span> <span class='ocrx_word' id='word_1_285' title='bbox 2184 4036 2319 4105; x_wconf 82' lang='lat' dir='ltr'>apud</span> <span class='ocrx_word' id='word_1_286' title='bbox 2338 4046 2626 4086; x_wconf 67' lang='lat' dir='ltr'>unisonum</span> <span class='ocrx_word' id='word_1_287' title='bbox 2641 4068 2656 4094; x_wconf 91' lang='lat'>‚</span> 
     </span>
     <span class='ocr_line' id='line_1_35' title="bbox 824 4114 2656 4189; baseline -0.003 -20"><span class='ocrx_word' id='word_1_288' title='bbox 824 4119 973 4171; x_wconf 81' lang='lat' dir='ltr'>Tom.</span> <span class='ocrx_word' id='word_1_289' title='bbox 1004 4120 1046 4171; x_wconf 90' lang='lat' dir='ltr'>I.</span> <span class='ocrx_word' id='word_1_290' title='bbox 1078 4122 1279 4171; x_wconf 84' lang='lat' dir='ltr'>Rerum</span> <span class='ocrx_word' id='word_1_291' title='bbox 1315 4123 1752 4171; x_wconf 80' lang='lat' dir='ltr'>Germanicarum</span> <span class='ocrx_word' id='word_1_292' title='bbox 1783 4139 1901 4189; x_wconf 79' lang='lat' dir='ltr'>pag.</span> <span class='ocrx_word' id='word_1_293' title='bbox 1928 4122 2044 4172; x_wconf 82' lang='lat'>809.</span> <span class='ocrx_word' id='word_1_294' title='bbox 2080 4118 2164 4171; x_wconf 84' lang='lat' dir='ltr'>Cf.</span> <span class='ocrx_word' id='word_1_295' title='bbox 2190 4133 2337 4170; x_wconf 70' lang='lat' dir='ltr'>nna.</span> <span class='ocrx_word' id='word_1_296' title='bbox 2358 4117 2498 4168; x_wconf 87' lang='lat' dir='ltr'>Bibl.</span> <span class='ocrx_word' id='word_1_297' title='bbox 2517 4114 2656 4164; x_wconf 83' lang='lat' dir='ltr'>Med.</span> 
     </span>
     <span class='ocr_line' id='line_1_36' title="bbox 820 4202 1739 4272; baseline 0.002 -19"><span class='ocrx_word' id='word_1_298' title='bbox 820 4203 940 4253; x_wconf 81' lang='lat' dir='ltr'>Aet.</span> <span class='ocrx_word' id='word_1_299' title='bbox 978 4202 1097 4254; x_wconf 82' lang='lat' dir='ltr'>vol.</span> <span class='ocrx_word' id='word_1_300' title='bbox 1134 4204 1176 4255; x_wconf 89' lang='grc' dir='ltr'>Ι.</span> <span class='ocrx_word' id='word_1_301' title='bbox 1214 4204 1329 4256; x_wconf 89' lang='lat' dir='ltr'>Lib.</span> <span class='ocrx_word' id='word_1_302' title='bbox 1362 4205 1426 4258; x_wconf 90' lang='lat'>11.</span> <span class='ocrx_word' id='word_1_303' title='bbox 1465 4222 1582 4272; x_wconf 81' lang='lat' dir='ltr'>pag.</span> <span class='ocrx_word' id='word_1_304' title='bbox 1619 4206 1739 4258; x_wconf 78' lang='lat'>495.</span> 
     </span>
    </p>
   </div>
  </div>
 </body>
</html>
