2922 5195
1565 523 1650 588 98

586 700 791 770 bellus
818 753 836 788 ‚
885 703 966 769 de
1009 726 1135 792 qno
1179 725 1347 770 nunc
1385 706 1626 793 agimus
1647 752 1664 785 ‚
1699 718 2032 791 excerptus
2078 723 2235 765 esse.
2333 692 2635 788 Ejusdem

587 844 931 888 ADAMNAM
986 839 1199 886 autem
1247 822 1640 886 mentionem
1691 820 1847 883 facit
1900 814 2066 883 nnnA
2114 802 2181 883 in
2227 821 2400 887 Hist.
2447 814 2631 887 Eccl.

589 941 732 1006 Lib.
762 939 846 1007 V.
887 963 1028 1030 cap.
1073 940 1184 1022 16,
1229 941 1442 1005 virum
1470 962 1617 1003 eum
1649 961 1886 1003 vocans
1918 924 2254 1002 bonum’ket
2289 946 2638 1026 sapientem

590 1070 657 1122 et
705 1065 974 1121 scientia
1012 1059 1477 1144 Scripturarum
1516 1055 1905 1120 nobilissime
1949 1063 2343 1120 instructum.
2369 1050 2637 1119 ‘Eadem’

592 1196 847 1261 quoque
901 1174 991 1238 ibi
1051 1160 1410 1237 referuntur
1469 1171 1551 1238 de
1610 1195 1942 1237 Anconem
1999 1162 2517 1262 peregrinatione
2572 1188 2639 1236 et

596 1289 871 1355 adventu
922 1291 988 1354 in
1046 1293 1491 1373 Britanniam,
1562 1288 1767 1378 deque
1817 1314 1933 1372 ec,
1980 1289 2156 1377 quod
2210 1311 2601 1355 Ammianus
2622 1338 2643 1372 ‚

595 1409 712 1473 ino
766 1408 1043 1474 docente
1100 1425 1165 1472 et
1214 1407 1531 1491 dictante,
1582 1410 1853 1498 peregit.
1947 1409 2172 1495 Neque
2219 1425 2465 1473 tantum
2510 1408 2641 1472 hoc

601 1550 762 1615 opus
786 1574 804 1608 ,
878 1524 1053 1613 quod
1114 1526 1468 1615 legentibus
1530 1527 1931 1590 utilissimum
2000 1525 2195 1609 dicit,
2266 1549 2377 1590 sua
2421 1542 2639 1591 aucto-

597 1647 811 1708 ritate¹
852 1643 1151 1732 probavit
1221 1666 1389 1707 anns
1410 1690 1429 1725 ,
1498 1666 1718 1707 verum
1790 1645 1985 1709 etiam
2047 1643 2358 1732 quaedam
2418 1668 2496 1709 ex
2561 1667 2642 1709 eo

600 1761 947 1850 decerpere
1016 1778 1084 1825 et
1147 1761 1470 1825 Historiae
1527 1783 1678 1825 suae
1734 1762 2014 1826 inserere
2072 1785 2305 1850 operae
2362 1762 2641 1850 pretium

599 1877 779 1942 duxit
805 1878 926 1966 (1).
1021 1879 1153 1943 Ubi
1196 1877 1458 1944 tandem
1512 1877 1720 1944 addit:
1816 1880 2032 1945 «Haec
2079 1879 2162 1944 ad
2210 1903 2460 1945 sensum
2502 1879 2641 1967 qui-

596 1992 747 2093 dem
773 1996 1114 2060 verborum
1139 2011 1437 2086 excerpta
1453 2043 1474 2079 ,
1514 1995 1626 2062 sed
1646 1994 2043 2062 brevioribus
2069 1990 2429 2084 strictisque
2463 2018 2642 2059 com-

598 2113 908 2201 prehensa
965 2114 1367 2178 sermonibus
1426 2116 1661 2179 nostris
1675 2163 1696 2197 ‚
1764 2114 1847 2179 ad
1896 2115 2235 2179 utilitatem
2290 2115 2640 2205 legentium

598 2230 895 2295 Historiis
938 2228 1160 2295 indere
1208 2232 1485 2320 placuit3
1534 2233 1719 2321 plura
1770 2233 1823 2296 si
1873 2256 2063 2319 quem
2110 2232 2273 2297 scire
2327 2231 2639 2316 delectat,

597 2347 698 2410 vel
742 2348 984 2437 inipso
1029 2320 1144 2413 111'0
1190 2350 1516 2414 volumine
1534 2398 1553 2432 ,
1603 2351 1703 2416 νει
1747 2356 1816 2413 tn
1863 2373 1937 2414 eo
1955 2397 1975 2433 ‚
2025 2350 2199 2438 qaod
2244 2350 2325 2414 de
2373 2351 2480 2414 tuo
2526 2350 2642 2414 du-

598 2463 748 2529 dum
793 2473 1061 2530 strictim
1107 2475 1569 2555 excerpsimuS,
1620 2475 1955 2555 epitomate
1998 2469 2311 2555 requirat»
2342 2467 2459 2556 (2).

690 2581 929 2665 Quanti
974 2600 1190 2649 autem
1230 2584 1398 2648 illius
1435 2585 1743 2673 temporis
1781 2585 2444 2651 hominesnnnnum
2487 2609 2647 2675 opu-

601 2702 848 2766 sculum
891 2702 1209 2784 facerent,
1258 2701 1669 2793 intelligimus
1718 2725 1797 2767 ex
1831 2726 1910 2767 eo
1929 2750 1947 2785 ‚
1994 2702 2168 2789 quod
2203 2726 2370 2766 anns
2393 2718 2647 2787 narrat,

603 2844 751 2885 eum
785 2820 1024 2884 librum
1064 2844 1246 2885 suum
1288 2818 1622 2885 tradidisse
1665 2819 1962 2885 Amr-anno
2010 2821 2202 2910 Regi,
2254 2820 2336 2885 ad
2372 2844 2561 2908 quem
2609 2844 2650 2885 a

603 2961 717 3003 sua
766 2954 955 3026 gente
1004 2938 1244 3025 legatus
1296 2939 1598 3020 venisset,
1656 2937 1970 3025 hujusque
2023 2960 2222 3025 porro
2268 2939 2651 3003 liberalitate

603 3052 740 3116 aliis
785 3076 1042 3140 quoque
1087 3056 1219 3140 ejus
1260 3053 1606 3119 lectionem
1646 3054 2031 3119 concessam
2054 3077 2209 3119 esse.
2305 3055 2493 3118 Circa
2536 3078 2649 3119 an-

605 3192 762 3234 num
808 3170 1001 3261 igitur
1043 3195 1169 3259 701
1218 3172 1378 3236 illud
1421 3174 1732 3262 scriptum
1777 3196 1912 3238 esse
1953 3173 2237 3256 videtur,
2286 3197 2445 3261 quo,
2490 3190 2653 3240 teste

609 3308 962 3351 numano
1025 3290 1122 3356 W
1117 3297 1696 3358 estmonasteriensi
1718 3340 1736 3373 ‚
1801 3312 2190 3364 amma-Anus
2256 3291 2496 3379 legatus
2571 3291 2654 3356 ad

700 3652 785 3720 (1)
830 3654 952 3705 vid.
997 3656 1144 3706 Hist.
1189 3656 1337 3706 Ecel.
1384 3653 1503 3705 Lib.
1535 3655 1602 3705 V.
1639 3673 1750 3725 cap.
1781 3656 1952 3708 16-18
1982 3657 2121 3711 Edit.
2156 3653 2310 3712 Basil.
2341 3672 2392 3712 et
2422 3661 2611 3713 Colon.
2636 3700 2655 3728 ,
2725 3717 2729 3720 Α

822 3754 935 3806 cap.
967 3739 1135 3789 15-17
1186 3737 1325 3789 Edit.
1366 3751 1520 3789 surm
1544 3774 1560 3803 ‚
1614 3740 1670 3788 in
1700 3756 1801 3807 qua
1838 3757 1987 3810 capp.
2018 3742 2051 3792 8
2080 3752 2131 3793 et
2158 3744 2193 3794 9
2234 3760 2400 3794 unum
2428 3745 2660 3811 faciunt;

823 3819 1022 3872 collatis
1056 3840 1205 3891 capp.
1240 3822 1308 3885 2,
1347 3822 1415 3885 7,
1453 3823 1488 3871 8
1521 3831 1575 3872 et
1607 3823 1642 3873 9
1675 3822 1797 3875 libri
1833 3824 1895 3873 de
1927 3825 2083 3875 Locis
2123 3827 2349 3879 Sanctis.

705 3901 790 3972 (2)
831 3903 954 3955 vid.
997 3905 1035 3955 l.
1065 3906 1103 3957 l.
1173 3902 1293 3956 Non
1334 3904 1495 3973 igitur
1533 3906 1654 3957 satis
1679 3904 1882 3973 liquet,
1920 3923 2077 3975 quare
2107 3924 2236 3962 nrm
2273 3911 2331 3959 in
2359 3910 2535 3962 Indice
2567 3929 2661 3963 suo

824 3986 924 4039 hoc
968 3989 1274 4058 opusculum
1316 3990 1578 4042 omiserit:
1631 4007 1698 4041 an
1741 3990 1985 4055 fortasse,
2038 3994 2159 4058 quia
2202 3993 2333 4043 illud
2378 3996 2465 4045 vix
2508 4012 2660 4046 suum

827 4068 1020 4121 habere
1048 4071 1258 4139 posset?
1297 4069 1445 4139 Quod
1477 4086 1685 4123 cunnus
1714 4072 1984 4124 contendit
2008 4074 2047 4124 l.
2076 4074 2116 4124 l.
2143 4093 2261 4144 pag.
2291 4078 2428 4127 1693
2448 4113 2464 4138 ,
2493 4077 2661 4127 libel-

827 4151 940 4201 lum
984 4154 1041 4203 in
1083 4154 1260 4206 Indice
1305 4156 1556 4206 omissum
1613 4171 1759 4221 esse,
1812 4159 2058 4225 quoniam
2102 4161 2317 4228 scriptus
2368 4171 2499 4211 esset
2536 4168 2661 4227 post

828 4234 1058 4285 Iudicem
1091 4239 1380 4290 confectum
1403 4277 1416 4304 ,
1457 4241 1620 4309 ipsius
1650 4244 1869 4296 auctoris
1896 4244 2069 4296 verbis
2097 4245 2364 4296 refellitur.
