2922 5195
1316 513 1393 573 19

329 709 571 776 terum,
611 708 851 758 vestrae
894 693 1332 758 Universitatis
1378 690 1748 775 doctorem,
1792 693 1909 756 sub
1951 715 2078 779 quo
2097 738 2118 774 ,
2161 689 2372 758 divina

326 812 731 900 permittente
782 811 982 900 gratia
1004 858 1023 894 ,
1090 809 1356 899 gradum
1405 812 1652 898 suscepi
1705 809 2102 874 doctoralem
2151 813 2235 877 A.
2286 812 2369 876 ab

328 931 768 994 Incarnatione
820 930 1083 994 Domini
1140 913 1303 1014 692,
1351 929 1604 1015 qualem
1657 929 1881 992 habuit
1932 930 2000 992 in
2042 932 2372 1014 juventute

323 1045 617 1112 studendi
668 1047 950 1111 animum
977 1094 994 1129 ,
1034 1047 1320 1133 qualem
1385 1069 1556 1111 nunc
1611 1047 1806 1112 habet
1862 1047 2030 1111 inter
2080 1048 2372 1112 homines

319 1162 609 1246 laudem,
672 1179 738 1229 et
796 1165 999 1228 multo
1071 1166 1270 1254 magis
1335 1164 1507 1252 apud
1563 1165 1775 1228 Deum
1838 1163 2373 1229 remunerationis

322 1282 618 1370 gloriam.
713 1280 937 1347 Valete
981 1305 1231 1369 semper
1277 1284 1347 1345 in
1385 1304 1662 1346 emus'ro
1711 1305 1894 1365 msc,
1944 1286 2123 1368 cujus
2167 1284 2371 1372 gratia

325 1397 687 1485 coadjuvati
732 1400 878 1464 estis
923 1400 992 1463 in
1039 1398 1360 1466 doctrina.
1451 1400 1730 1464 Amen.»

410 1518 640 1582 Aetate
702 1521 840 1603 jam
907 1518 1180 1582 multum
1247 1534 1559 1607 provecta
1635 1518 2053 1606 Cantabrigia
2108 1515 2371 1584 rediisse

320 1649 614 1698 narratur
637 1681 656 1717 ,
731 1658 879 1699 cum
942 1634 1307 1722 discipulos-
1345 1635 1592 1723 saepius
1651 1637 1743 1700 sic
1810 1635 2122 1700 allocutus
2187 1650 2364 1701 erat:

320 1752 648 1834 «Discite,
710 1750 933 1833 filioli,
1004 1750 1157 1816 dum
1217 1750 1551 1815 vobiscum
1600 1775 1761 1817 sum.
1853 1752 2090 1816 Nescio
2146 1751 2360 1834 enim,

323 1863 625 1955 quamdiu
680 1869 1013 1934 subsistam
1036 1915 1055 1951 ,
1124 1885 1190 1934 et
1266 1870 1320 1933 si
1388 1885 1537 1958 post
1603 1868 1931 1933 modicum
2001 1869 2189 1935 tollat
2259 1892 2365 1934 me

320 1985 374 2050 F
377 2002 556 2051 actor
605 2009 820 2069 meus,
866 2002 932 2051 et
983 2003 1337 2051 revertatur
1382 1988 1626 2053 animus
1674 2010 1852 2052 meus
1901 1985 1983 2050 ad
2027 2009 2206 2069 eum,
2258 1986 2369 2072 qui

322 2105 492 2168 misit
536 2104 717 2168 illum
763 2120 827 2168 et
865 2105 936 2168 in
961 2105 1131 2170 hanc
1169 2106 1369 2170 vitam
1410 2106 1629 2170 venire
1671 2106 2022 2186 concessit,
2060 2104 2172 2169 diu
2211 2105 2365 2170 vixi.

321 2223 495 2287 Bene
537 2223 854 2287 consuluit
896 2224 1053 2286 mihi
1101 2224 1413 2287 Dominus
1453 2247 1630 2287 meus
1674 2246 1852 2286 susus
1901 2224 1969 2285 in
2012 2223 2139 2285 hoc
2199 2221 2368 2286 vitae

320 2341 562 2428 spatiO,
616 2340 807 2427 cupio
853 2338 1109 2404 dissolvi
1146 2355 1211 2404 et
1252 2363 1384 2404 esse
1421 2364 1573 2404 cum
1611 2364 1907 2404 cnmsro.
1929 2371 1955 2396 »
1998 2379 2087 2390 —-
2126 2339 2367 2403 Multos

320 2472 531 2521 autem
549 2504 566 2539 ,
603 2480 838 2545 eosque
867 2459 1470 2545 praestantissimos,
1504 2483 1584 2523 ex
1609 2462 1740 2545 ejus
1770 2459 1992 2524 schola
2019 2458 2364 2546 discipulos

321 2600 732 2643 CANTALUPUS
762 2575 1073 2665 prodiisse
1106 2576 1333 2662 tradit,
1373 2595 1436 2643 et
1478 2595 1752 2667 quatuor
1784 2576 2077 2666 quidem,
2124 2599 2367 2640 cunm.-

316 2720 536 2779 rnum,
571 2719 993 2780 Maumcmm,
1027 2719 1388 2761 oswALnuM
1422 2714 1489 2760 et
1524 2720 1905 2775 cmocmm,
1943 2718 2102 2783 prae
2140 2693 2368 2756 ceteris

316 2813 704 2895 laudabiles,
757 2815 994 2901 quippe
1042 2814 1148 2899 qui
1210 2814 1299 2877 ob
1355 2812 1689 2877 doctrinae
1737 2828 1801 2876 et
1856 2811 2104 2876 virtutis
2159 2810 2368 2875 excel·-

313 2931 577 2993 lentiam
630 2946 805 2994 tanta
868 2929 1035 3021 apud
1088 2930 1398 3019 populum
1448 2930 1813 2995 fruerentur
1864 2929 2361 3009 existimatione,

314 3064 388 3112 ut
451 3070 676 3112 eorum
742 3072 928 3113 causa
982 3048 1202 3113 clerici
1254 3049 1496 3138 pariter
1558 3064 1625 3113 et
1668 3046 1946 3137 religiosi
2003 3071 2234 3139 magua
2294 3047 2363 3111 iu

314 3166 726 3230 veneratione
771 3181 976 3230 essent
1010 3166 1130 3254 (1).
1199 3166 1406 3229 Porro
1439 3166 1595 3229 tales
1635 3164 1979 3254 discipulos
2012 3164 2136 3245 ait,
2180 3188 2365 3229 vene-

314 3283 530 3349 rabilis
582 3284 863 3375 magistri
917 3285 1177 3374 vestigia
1243 3301 1609 3375 sequentes,
1674 3285 1962 3348 omnium
2018 3282 2241 3347 oculos
2295 3282 2363 3346 in

316 3426 384 3467 se
458 3403 886 3482 convertisse,
954 3425 1256 3466 annuum
1331 3404 1524 3465 etiam
1595 3403 1803 3488 regia,
1900 3401 2006 3485 qui
2082 3400 2360 3464 maximo

320 3576 389 3584 ...-

383 3662 472 3729 (1)
515 3659 807 3711 Ouum?-
847 3655 887 3707 1.
924 3653 967 3708 1.
1007 3670 1129 3722 pag.
1168 3651 1293 3703 276.
1364 3649 1663 3715 cunnus,
1715 3649 1826 3702 ludi
1867 3653 2112 3720 magister
2154 3652 2359 3702 Canta—

520 3743 822 3808 brigiensis,
849 3737 1060 3806 quirhic
1089 3751 1438 3799 cuntorum,
1470 3735 1556 3786 vel
1582 3736 1754 3804 potius
1781 3752 2071 3800 nannum,
2104 3739 2356 3806 sequitur,

519 3837 578 3876 ut
605 3843 725 3877 suae
755 3824 901 3875 urbis
932 3820 1266 3873 Academiam
1298 3820 1645 3885 antiquiorem
1674 3835 1785 3870 esse
1813 3818 1999 3887 probet
2027 3821 2325 3870 Parisicnsi
2340 3856 2354 3879 ,

522 3909 699 3970 addit,
746 3908 880 3958 hanc
920 3925 948 3956 a
993 3915 1207 3972 quatuor
1247 3903 1356 3953 illis
1399 3919 1556 3954 881>st
1601 3903 1873 3971 discipulis
1919 3921 2030 3955 esse
2077 3904 2357 3954 conditam.

523 4008 552 4037 α
572 3990 642 4040 As
676 3990 755 4041 for
786 3990 925 4039 Paris
947 4024 961 4051 ,
1000 3988 1109 4038 that
1140 3987 1320 4038 claims
1346 3985 1434 4035 the
1465 3986 1785 4053 precedeucy
1805 4023 1820 4049 ,
1861 3988 1905 4037 is
1933 3997 1982 4036 at
2010 3987 2099 4038 the
2130 3995 2263 4036 most
2291 4004 2359 4037 no

522 4071 666 4124 older
712 4072 838 4123 than
883 4072 971 4122 the
1016 4073 1166 4139 reign
1196 4070 1252 4120 of
1284 4067 1662 4135 Chariemngne
1685 4103 1700 4128 ,
1752 4067 1852 4116 and
1885 4067 2117 4118 founded
2149 4068 2216 4137 by
2245 4069 2361 4119 four

524 4156 772 4224 disciples
815 4157 872 4208 of
916 4156 1004 4208 the
1034 4153 1322 4206 Venerable
1355 4166 1552 4202 nnnc.»
1632 4150 1860 4217 History
1901 4151 1967 4215 of
1997 4151 2078 4201 the
2111 4153 2268 4204 Univ.
2300 4153 2364 4216 of

533 4242 739 4292 Cambr.
773 4242 839 4308 by
875 4257 921 4293 ε.
954 4255 1143 4293 oium
1177 4239 1340 4293 Lond.
1373 4238 1525 4289 1753.
1561 4254 1680 4307 pag.
1712 4236 1765 4288 3,

1960 4338 2040 4398 2*
