2922 5195
1340 472 1422 533 85

332 672 557 716 omnes
607 649 966 729 constabat,
1030 647 1193 711 falso
1245 646 1404 710 illud
1454 669 1663 711 minan
1711 649 1939 732 tribui,
1991 652 2226 740 quippe
2269 656 2378 740 qui

327 768 680 834 secundum
742 767 1135 831 narrationes
1195 787 1477 830 ostream
1542 781 1610 831 et
1661 789 1896 837 Anoms
1955 767 2048 855 (1)
2117 785 2378 835 centum

334 889 664 978 octoginta
695 886 829 951 dies
860 906 1098 949 vacuos
1128 884 1505 970 reliquisset.
1581 883 1946 950 Genuinum
1979 909 2185 951 nunu
2215 912 2378 978 opus,

324 1006 640 1070 invenisse
694 1004 818 1068 sibi
878 1004 1044 1066 visus
1098 1017 1194 1067 est
1255 1024 1736 1087 RBNSCHBRIUS,
1800 1021 1865 1069 et
1921 1006 2055 1091 ejus
2117 1004 2377 1092 quidem

324 1123 753 1212 fragmentum
797 1120 938 1185 MS.
987 1121 1057 1184 in
1105 1120 1412 1188 Biblioth.
1468 1122 1669 1210 Regia
1713 1124 2004 1203 δασεῖαι»,
2054 1123 2376 1214 integrum

328 1263 486 1305 vero
544 1239 865 1328 exemplar
902 1240 1203 1318 Divione,
1264 1235 1696 1303 additamenta
1737 1239 2071 1314 ‚continens
2109 1222 2373 1317 minori-

332 1357 450 1421 bus
496 1358 694 1422 literis
731 1356 967 1445 scripta
996 1355 1113 1444 (2).
1209 1356 1374 1419 Cum
1413 1356 1511 1419 his
1535 1422 1540 1427 ,
1563 1370 1773 1421 autem
1814 1354 2024 1429 Codd.
2074 1379 2182 1421 sex
2215 1358 2375 1423 alios

331 1475 603 1540 contulit
621 1523 640 1557 ,
709 1491 776 1540 et
835 1475 1109 1540 collecta
1171 1498 1282 1539 sua
1339 1474 1583 1564 publici
1632 1475 1790 1561 juris
1848 1474 2006 1539 fecit
2061 1475 2130 1539 in
2187 1478 2373 1555 Actis

331 1595 701 1658 Sanctorum
751 1591 888 1680 (3>;
954 1593 1068 1657 ubi
1132 1614 1244 1673 ea,
1323 1615 1485 1679 quae
1556 1613 1763 1656 nunu
1831 1593 2095 1657 nomine
2152 1596 2382 1680 majori

327 1726 631 1799 typorum
680 1710 893 1774 forma
932 1732 1161 1775 excusa
1206 1725 1382 1790 sunt,
1431 1709 1508 1773 in,
1545 1710 1845 1776 omnibus
1887 1710 2074 1777 MSS.
2118 1710 2199 1775 ad
2232 1736 2376 1777 ver-

326 1829 484 1893 bum
525 1828 652 1916 legi
699 1827 857 1892 dicit
871 1852 890 1910 3
939 1827 1470 1917 Manyrologium
1515 1850 1669 1895 vero
1685 1877 1705 1911 ,
1755 1827 1932 1917 quod
1961 1830 2130 1895 inter
2166 1854 2376 1895 :mnan

326 1945 542 2034 Opera
574 1961 805 2029 exstat,
850 1958 934 2010 'ex
963 1967 1180 2011 Anomz
1210 1961 1488 2011 sumtum
1522 1967 1658 2009 esse
1693 1944 1922 2009 credit.
2004 1943 2186 2009 Idem
2215 1946 2377 2025 illud

325 2086 475 2128 cum
534 2065 886 2127 Auetuario
926 2058 1138 2127 'rnonl
1197 2063 1267 2125 in
1332 2085 1446 2126 sua
1496 2060 1799 2127 Editione
1861 2061 2379 2152 Cantabrigiensi

320 2182 582 2272 repetiit
619 2204 845 2247 smrn.
941 2181 1025 2245 Et
1071 2177 1578 2245 additamentum
1626 2179 1707 2245 ad
1745 2204 1954 2257 annu}
1987 2181 2372 2270 Martyrolo-

321 2301 500 2391 gium
544 2323 624 2365 ex
666 2298 910 2364 Codice
963 2300 1060 2365 W
1054 2299 1487 2387 irceburgensi
1524 2298 1722 2364 seculi
1763 2299 1860 2364 IX
1905 2298 2083 2365 dedit
2127 2323 2372 2367 acun-

320 2443 488 2483 ’Μῦς
501 2418 620 2508 (4).
657 2419 752 2483 Ex
769 2440 1164 2483 nnuman
1194 2434 1260 2483 et
1287 2440 1525 2483 omum
1537 2420 1851 2485 sententia
1867 2417 2130 2484 dubium
2156 2437 2372 2487 tamen

321 2555 420 2607 est
440 2587 459 2622 ,
499 2562 582 2604 an
624 2541 816 2605 Festo
859 2539 1161 2603 Omnium
1210 2539 1580 2604 Sanctorum
1633 2539 1700 2603 in
1741 2539 1869 2603 hoc
1905 2538 2371 2627 Martyrologio

407 2784 492 2851 (1)
532 2782 877 2832 Vidmsuuu).
904 2790 956 2829 et
970 2793 1195 2841 anonam,
1225 2777 1543 2847 Archiepisc.
1565 2779 1928 2845 Viennensem,
1953 2782 2010 2831 in
2025 2780 2365 2850 Ματιηνοῖσ-

525 2867 652 2929 giis·
684 2861 909 2914 Cimonis
936 2878 1152 2927 monus,
1182 2880 1346 2930 quum
1362 2860 1714 2933 martyrologia
1738 2872 1791 2915 et
1807 2880 2092 2917 menonnn
2112 2877 2165 2917 et
2181 2881 2363 2929 etun,

525 2964 658 3016 quae
682 2946 740 2995 in
764 2945 996 2996 ecclesiis
1011 2947 1221 2997 recitare
1245 2964 1358 2998 mos
1374 2957 1501 3010 erat,
1532 2945 1632 2997 sibi
1650 2947 1882 2998 breviora
1898 2947 2197 3000 viderentur
2211 2960 2364 3017 atque

518 3033 704 3101 jejuna
723 3066 739 3093 ,
776 3044 1035 3081 usust-num
1065 3029 1379 3081 monachum
1405 3030 1496 3081 illa
1521 3029 1841 3098 amplificare
1864 3033 2036 3098 jussit.
2082 3032 2177 3083 1110
2204 3052 2363 3104 opere

523 3133 614 3168 suo
653 3114 953 3183 perfunctus
996 3114 1054 3164 in
1099 3114 1420 3165 Praefatione
1458 3114 1523 3164 ad
1568 3112 1767 3181 Regem
1809 3112 1970 3175 dicit,
2026 3129 2365 3170 numanum

525 3201 718 3251 nimiae
761 3199 1016 3251 studuisse
1055 3199 1328 3262 brevitati,
1370 3212 1537 3249 numu
1571 3214 1692 3248 vero
1728 3195 2064 3265 quamplures
2094 3196 2362 3251 Kalenda-

516 3303 635 3337 rum
664 3283 778 3334 dies
808 3283 1022 3334 intactos
1052 3283 1344 3349 reliquisse·

396 3370 482 3437 (2)
523 3369 756 3419 Primum
779 3365 906 3415 haec
932 3380 1079 3417 nom
1113 3381 1226 3415 esse
1245 3365 1530 3433 suspicatus
1544 3374 1622 3415 est
1639 3398 1657 3427 ,
1683 3372 1859 3431 postea
1874 3375 2109 3415 mentem
2125 3372 2360 3423 mutavit.

395 3453 481 3520 (3)
522 3450 688 3502 Praef.
736 3447 886 3502 Tom.
931 3448 973 3499 Ι.
1018 3447 1231 3501 Januar.
1270 3463 1392 3515 pag.
1417 3447 1505 3498 40·
1540 3454 1594 3495 et
1623 3444 1828 3513 Prolog.
1860 3445 1925 3496 ad
1952 3463 2189 3497 mensem
2213 3449 2356 3503 Mart.

523 3535 675 3587 Tom.
702 3533 772 3584 ΙΙ.
805 3532 838 3597 §
867 3535 901 3584 5
931 3550 1078 3600 seqq.
1135 3531 1442 3585 Genuinum
1471 3546 1629 3583 etms
1658 3548 1787 3601 opus
1809 3532 1908 3582 hoc
1936 3530 2120 3581 habuit
2147 3547 2357 3587 oumnus

518 3622 575 3671 in
613 3620 892 3669 comment.
922 3615 1102 3669 v01.1.
1129 3617 1337 3686 pag.57
1359 3627 1417 3674 ‚et
1443 3632 1565 3684 pag.
1595 3615 1750 3665 1683.
1818 3614 2009 3666 Notant
2034 3616 2215 3681 etiam,
2240 3630 2358 3688 post

519 3718 833 3757 cotonnsmn
851 3739 869 3767 ,
915 3716 1250 3754 luminemus
1278 3699 1318 3751 1.
1351 3699 1393 3751 1.
1433 3709 1486 3752 et
1513 3712 1781 3753 nummus
1810 3698 1960 3751 Tom.
1996 3699 2040 3751 Ι.
2064 3718 2186 3768 pag.
2215 3703 2319 3755 189
2341 3741 2358 3767 ,

518 3786 659 3836 Edit.
675 3798 855 3845 nusi,
884 3785 1100 3851 reperiri
1127 3784 1185 3834 in
1216 3781 1333 3845 illo,
1367 3798 1501 3849 quae
1533 3795 1689 3832 nunu
1720 3781 2009 3833 tribuantur
2035 3784 2099 3833 ab
2132 3800 2355 3837 uranico

520 3870 577 3919 in
619 3868 900 3918 miraculis
941 3883 982 3917 s.
1013 3881 1237 3917 ananan
1261 3902 1277 3928 ‚
1331 3868 1514 3933 Episc.
1547 3865 1840 3916 Autissiod.
1883 3861 2002 3917 Lib.
2029 3866 2072 3917 Ι.
2101 3883 2214 3933 cap.
2244 3867 2311 3917 15
2332 3902 2349 3929 ‚

517 3961 569 4001 et
611 3950 675 3999 ab
713 3963 968 4001 *uitiato
1011 3950 1065 3999 in
1103 3948 1223 3999 Lib.
1253 3949 1322 4000 ΙΙ.
1357 3966 1471 4017 cap.
1501 3948 1588 4000 24.
1618 3949 1677 3997 de
1713 3948 1905 4014 Officiis
1935 3947 2136 3998 EcclcS.
2158 3984 2174 4011 ‚
2213 3948 2349 3999 etde

516 4034 692 4084 ordine
721 4033 1105 4100 Antiphonarii
1130 4049 1244 4101 cap.
1271 4031 1358 4083 28.

394 4118 480 4187 (4)
520 4118 582 4169 In
632 4117 913 4168 Comment.
954 4117 1013 4167 de
1056 4117 1207 4167 rebus
1244 4116 1507 4167 Franz-iae
1541 4116 1741 4166 Orient.
1771 4121 1820 4165 et
1846 4116 2095 4183 Episcop.
2114 4116 2341 4179 ,We-ce-

515 4202 755 4266 (turgens,
795 4199 925 4252 Tom
956 4199 995 4253 1.
1027 4217 1147 4268 pag.
1181 4200 1281 4253 829
1302 4235 1318 4263 ,
1358 4200 1482 4252 830.
1508 4198 1743 4251 Wiroeb.
1777 4197 1925 4250 1729.
