<?xml version="1.0" encoding="UTF-8"?>
<!DOCTYPE html PUBLIC "-//W3C//DTD XHTML 1.0 Transitional//EN"
    "http://www.w3.org/TR/xhtml1/DTD/xhtml1-transitional.dtd">
<html xmlns="http://www.w3.org/1999/xhtml" xml:lang="en" lang="en">
 <head>
  <title>
</title>
<meta http-equiv="Content-Type" content="text/html;charset=utf-8" />
  <meta name='ocr-system' content='tesseract 3.04.00' />
  <meta name='ocr-capabilities' content='ocr_page ocr_carea ocr_par ocr_line ocrx_word'/>
</head>
<body>
  <div class='ocr_page' id='page_1' title='image "./disputatiohisto02gehlgoog_0116.png"; bbox 0 0 2922 5195; ppageno 0'>
   <div class='ocr_carea' id='block_1_1' title="bbox 1302 474 1427 539">
    <p class='ocr_par' dir='ltr' id='par_1_1' title="bbox 1302 474 1427 539">
     <span class='ocr_line' id='line_1_1' title="bbox 1302 474 1427 539; baseline -0.016 0"><span class='ocrx_word' id='word_1_1' title='bbox 1302 474 1427 539; x_wconf 87' lang='lat'><strong>103</strong></span> 
     </span>
    </p>
   </div>
   <div class='ocr_carea' id='block_1_2' title="bbox 315 655 2384 4270">
    <p class='ocr_par' dir='ltr' id='par_1_2' title="bbox 327 655 1120 744">
     <span class='ocr_line' id='line_1_2' title="bbox 327 655 1120 744; baseline -0.004 -23"><span class='ocrx_word' id='word_1_2' title='bbox 327 657 408 723; x_wconf 82' lang='lat' dir='ltr'><strong>In</strong></span> <span class='ocrx_word' id='word_1_3' title='bbox 441 655 854 744; x_wconf 81' lang='lat' dir='ltr'><strong>Evangelium</strong></span> <span class='ocrx_word' id='word_1_4' title='bbox 886 670 1120 718; x_wconf 66' lang='lat' dir='ltr'><strong>mmor:</strong></span> 
     </span>
    </p>

    <p class='ocr_par' dir='ltr' id='par_1_3' title="bbox 510 768 2384 1098">
     <span class='ocr_line' id='line_1_3' title="bbox 510 768 2381 863; baseline 0.002 -33"><span class='ocrx_word' id='word_1_5' title='bbox 510 772 1028 863; x_wconf 70' lang='lat' dir='ltr'><strong>«Expositionem</strong></span> <span class='ocrx_word' id='word_1_6' title='bbox 1083 768 1407 859; x_wconf 82' lang='lat' dir='ltr'>Evangelii</span> <span class='ocrx_word' id='word_1_7' title='bbox 1470 769 1642 843; x_wconf 82' lang='lat' dir='ltr'><strong>beati</strong></span> <span class='ocrx_word' id='word_1_8' title='bbox 1705 789 1913 843; x_wconf 65' lang='lat' dir='ltr'><strong>mom</strong></span> <span class='ocrx_word' id='word_1_9' title='bbox 1975 782 2119 833; x_wconf 86' lang='lat' dir='ltr'><strong>ante</strong></span> <span class='ocrx_word' id='word_1_10' title='bbox 2181 792 2381 836; x_wconf 86' lang='lat' dir='ltr'><strong>annos</strong></span> 
     </span>
     <span class='ocr_line' id='line_1_4' title="bbox 597 883 2384 979; baseline 0 -24"><span class='ocrx_word' id='word_1_11' title='bbox 597 891 940 979; x_wconf 86' lang='lat' dir='ltr'><strong>plurimos,</strong></span> <span class='ocrx_word' id='word_1_12' title='bbox 992 888 1330 959; x_wconf 78' lang='lat' dir='ltr'><strong>auxiliante</strong></span> <span class='ocrx_word' id='word_1_13' title='bbox 1385 883 1519 951; x_wconf 71' lang='lat' dir='ltr'><strong>Des</strong></span> <span class='ocrx_word' id='word_1_14' title='bbox 1529 965 1534 971; x_wconf 28' lang='lat'>¹</span> <span class='ocrx_word' id='word_1_15' title='bbox 1550 887 1749 976; x_wconf 78' lang='lat' dir='ltr'><strong>gratia</strong></span> <span class='ocrx_word' id='word_1_16' title='bbox 1769 935 1787 970; x_wconf 89' lang='lat'>,</span> <span class='ocrx_word' id='word_1_17' title='bbox 1846 887 2341 974; x_wconf 81' lang='lat' dir='ltr'><strong>composuimus.</strong></span> <span class='ocrx_word' id='word_1_18' title='bbox 2361 918 2384 945; x_wconf 69' lang='grc' dir='ltr'>υ</span> 
     </span>
     <span class='ocr_line' id='line_1_5' title="bbox 601 1004 1302 1098; baseline -0.006 -27"><span class='ocrx_word' id='word_1_19' title='bbox 601 1007 913 1098; x_wconf 83' lang='lat' dir='ltr'>Prologus</span> <span class='ocrx_word' id='word_1_20' title='bbox 950 1004 1032 1069; x_wconf 91' lang='lat' dir='ltr'><strong>ad</strong></span> <span class='ocrx_word' id='word_1_21' title='bbox 1064 1027 1302 1068; x_wconf 57' lang='lat' dir='ltr'><strong>accam.</strong></span> 
     </span>
    </p>

    <p class='ocr_par' dir='ltr' id='par_1_4' title="bbox 324 1122 1467 1215">
     <span class='ocr_line' id='line_1_6' title="bbox 324 1122 1467 1215; baseline -0.002 -26"><span class='ocrx_word' id='word_1_22' title='bbox 324 1126 427 1192; x_wconf 89' lang='lat' dir='ltr'><strong>De</strong></span> <span class='ocrx_word' id='word_1_23' title='bbox 462 1125 920 1215; x_wconf 72' lang='lat' dir='ltr'><strong>TemporibuS,</strong></span> <span class='ocrx_word' id='word_1_24' title='bbox 954 1122 1118 1187; x_wconf 83' lang='lat' dir='ltr'><strong>liber</strong></span> <span class='ocrx_word' id='word_1_25' title='bbox 1152 1125 1378 1207; x_wconf 88' lang='lat' dir='ltr'><strong>major.</strong></span> <span class='ocrx_word' id='word_1_26' title='bbox 1459 1180 1467 1187; x_wconf 91' lang='lat'><strong>.</strong></span> 
     </span>
    </p>

    <p class='ocr_par' dir='ltr' id='par_1_5' title="bbox 489 1239 2376 1431">
     <span class='ocr_line' id='line_1_7' title="bbox 489 1239 2376 1329; baseline 0.002 -29"><span class='ocrx_word' id='word_1_27' title='bbox 489 1243 756 1311; x_wconf 76' lang='lat' dir='ltr'><strong>,Desinit</strong></span> <span class='ocrx_word' id='word_1_28' title='bbox 807 1262 986 1313; x_wconf 83' lang='lat' dir='ltr'><strong>nono</strong></span> <span class='ocrx_word' id='word_1_29' title='bbox 1038 1258 1274 1315; x_wconf 51' lang='lat' dir='ltr'><strong>taonis</strong></span> <span class='ocrx_word' id='word_1_30' title='bbox 1326 1240 1539 1329; x_wconf 56' lang='lat' dir='ltr'><strong>Isauri</strong></span> <span class='ocrx_word' id='word_1_31' title='bbox 1585 1261 1789 1318; x_wconf 89' lang='lat' dir='ltr'><strong>ann0,</strong></span> <span class='ocrx_word' id='word_1_32' title='bbox 1855 1239 1900 1302; x_wconf 91' lang='lat' dir='ltr'><strong>i.</strong></span> <span class='ocrx_word' id='word_1_33' title='bbox 1955 1261 2014 1304; x_wconf 92' lang='lat' dir='ltr'><strong>e.</strong></span> <span class='ocrx_word' id='word_1_34' title='bbox 2077 1241 2159 1304; x_wconf 90' lang='lat' dir='ltr'><strong>A.</strong></span> <span class='ocrx_word' id='word_1_35' title='bbox 2225 1241 2376 1326; x_wconf 84' lang='lat'><strong>726.</strong></span> 
     </span>
     <span class='ocr_line' id='line_1_8' title="bbox 598 1359 1185 1431; baseline 0 -7"><span class='ocrx_word' id='word_1_36' title='bbox 598 1359 748 1425; x_wconf 89' lang='lat' dir='ltr'><strong>Vid.</strong></span> <span class='ocrx_word' id='word_1_37' title='bbox 806 1359 1185 1431; x_wconf 65' lang='lat' dir='ltr'><strong>chronicon.</strong></span> 
     </span>
    </p>

    <p class='ocr_par' dir='ltr' id='par_1_6' title="bbox 329 1475 1738 1564">
     <span class='ocr_line' id='line_1_9' title="bbox 329 1475 1738 1564; baseline -0.002 -22"><span class='ocrx_word' id='word_1_38' title='bbox 329 1477 614 1543; x_wconf 83' lang='lat' dir='ltr'><strong>Historia</strong></span> <span class='ocrx_word' id='word_1_39' title='bbox 647 1477 1091 1541; x_wconf 88' lang='lat' dir='ltr'><strong>Ecclesiastica</strong></span> <span class='ocrx_word' id='word_1_40' title='bbox 1123 1477 1326 1564; x_wconf 76' lang='lat' dir='ltr'><strong>gentis</strong></span> <span class='ocrx_word' id='word_1_41' title='bbox 1359 1475 1738 1562; x_wconf 81' lang='lat' dir='ltr'><strong>Anglorum.</strong></span> 
     </span>
    </p>

    <p class='ocr_par' dir='ltr' id='par_1_7' title="bbox 507 1593 2381 2015">
     <span class='ocr_line' id='line_1_10' title="bbox 507 1593 2379 1681; baseline -0.003 -22"><span class='ocrx_word' id='word_1_42' title='bbox 507 1595 820 1661; x_wconf 88' lang='lat' dir='ltr'><strong>Absoluta</strong></span> <span class='ocrx_word' id='word_1_43' title='bbox 870 1610 965 1659; x_wconf 90' lang='lat' dir='ltr'><strong>est</strong></span> <span class='ocrx_word' id='word_1_44' title='bbox 1012 1596 1094 1660; x_wconf 87' lang='lat' dir='ltr'><strong>A.</strong></span> <span class='ocrx_word' id='word_1_45' title='bbox 1147 1593 1231 1681; x_wconf 84' lang='lat'><strong>73</strong></span> <span class='ocrx_word' id='word_1_46' title='bbox 1245 1616 1311 1659; x_wconf 82' lang='lat'><strong>1:</strong></span> <span class='ocrx_word' id='word_1_47' title='bbox 1371 1593 1585 1656; x_wconf 87' lang='lat' dir='ltr'><strong>«Haec</strong></span> <span class='ocrx_word' id='word_1_48' title='bbox 1628 1608 1722 1656; x_wconf 89' lang='lat' dir='ltr'><strong>est</strong></span> <span class='ocrx_word' id='word_1_49' title='bbox 1768 1593 1836 1655; x_wconf 87' lang='lat' dir='ltr'><strong>in</strong></span> <span class='ocrx_word' id='word_1_50' title='bbox 1881 1593 2379 1680; x_wconf 82' lang='lat' dir='ltr'><strong>praesentiarum</strong></span> 
     </span>
     <span class='ocr_line' id='line_1_11' title="bbox 598 1708 2376 1792; baseline -0.001 -15"><span class='ocrx_word' id='word_1_51' title='bbox 598 1714 924 1777; x_wconf 89' lang='lat' dir='ltr'><strong>universae</strong></span> <span class='ocrx_word' id='word_1_52' title='bbox 959 1726 1153 1777; x_wconf 86' lang='lat' dir='ltr'><strong>status</strong></span> <span class='ocrx_word' id='word_1_53' title='bbox 1201 1713 1581 1776; x_wconf 83' lang='lat' dir='ltr'><strong>Britanniae</strong></span> <span class='ocrx_word' id='word_1_54' title='bbox 1597 1757 1617 1792; x_wconf 89' lang='lat'>‚</span> <span class='ocrx_word' id='word_1_55' title='bbox 1672 1708 2036 1774; x_wconf 85' lang='lat' dir='ltr'><strong>dominicae</strong></span> <span class='ocrx_word' id='word_1_56' title='bbox 2079 1710 2376 1775; x_wconf 88' lang='lat' dir='ltr'><strong>Incarna-</strong></span> 
     </span>
     <span class='ocr_line' id='line_1_12' title="bbox 597 1828 2381 1920; baseline -0.001 -27"><span class='ocrx_word' id='word_1_57' title='bbox 597 1830 792 1899; x_wconf 81' lang='lat' dir='ltr'><strong>tionis</strong></span> <span class='ocrx_word' id='word_1_58' title='bbox 852 1851 1022 1902; x_wconf 82' lang='lat' dir='ltr'><strong>anno</strong></span> <span class='ocrx_word' id='word_1_59' title='bbox 1054 1828 1651 1920; x_wconf 82' lang='lat' dir='ltr'><strong>..septingentesimo</strong></span> <span class='ocrx_word' id='word_1_60' title='bbox 1714 1828 2038 1894; x_wconf 86' lang='lat' dir='ltr'><strong>tricesimo</strong></span> <span class='ocrx_word' id='word_1_61' title='bbox 2102 1828 2335 1914; x_wconf 89' lang='lat' dir='ltr'><strong>primo.</strong></span> <span class='ocrx_word' id='word_1_62' title='bbox 2357 1859 2381 1884; x_wconf 68' lang='grc' dir='ltr'><strong>»ι</strong></span> 
     </span>
     <span class='ocr_line' id='line_1_13' title="bbox 596 1924 1317 2015; baseline -0.003 -1"><span class='ocrx_word' id='word_1_63' title='bbox 596 1948 769 2014; x_wconf 78' lang='lat' dir='ltr'><strong>Hist.</strong></span> <span class='ocrx_word' id='word_1_64' title='bbox 818 1947 1002 2015; x_wconf 77' lang='lat' dir='ltr'><strong>Ecel.</strong></span> <span class='ocrx_word' id='word_1_65' title='bbox 1051 1947 1120 2012; x_wconf 91' lang='lat' dir='ltr'><strong>in</strong></span> <span class='ocrx_word' id='word_1_66' title='bbox 1165 1924 1317 2015; x_wconf 73' lang='lat' dir='ltr'><strong>fine.</strong></span> 
     </span>
    </p>

    <p class='ocr_par' dir='ltr' id='par_1_8' title="bbox 325 2061 2370 2386">
     <span class='ocr_line' id='line_1_14' title="bbox 326 2061 1090 2154; baseline -0.004 -23"><span class='ocrx_word' id='word_1_67' title='bbox 326 2063 613 2154; x_wconf 81' lang='lat' dir='ltr'><strong>Epistola</strong></span> <span class='ocrx_word' id='word_1_68' title='bbox 649 2061 733 2128; x_wconf 90' lang='lat' dir='ltr'><strong>ad</strong></span> <span class='ocrx_word' id='word_1_69' title='bbox 765 2083 1090 2131; x_wconf 60' lang='lat' dir='ltr'><strong>nemun.</strong></span> 
     </span>
     <span class='ocr_line' id='line_1_15' title="bbox 474 2175 2370 2271; baseline -0.003 -22"><span class='ocrx_word' id='word_1_70' title='bbox 474 2181 759 2271; x_wconf 56' lang='lat' dir='ltr'><strong>»Scripta</strong></span> <span class='ocrx_word' id='word_1_71' title='bbox 789 2203 961 2250; x_wconf 84' lang='lat' dir='ltr'><strong>anno</strong></span> <span class='ocrx_word' id='word_1_72' title='bbox 996 2178 1122 2267; x_wconf 82' lang='lat'><strong>731</strong></span> <span class='ocrx_word' id='word_1_73' title='bbox 1159 2179 1261 2249; x_wconf 82' lang='lat' dir='ltr'><strong>vel</strong></span> <span class='ocrx_word' id='word_1_74' title='bbox 1292 2177 1445 2265; x_wconf 86' lang='lat'><strong>732.</strong></span> <span class='ocrx_word' id='word_1_75' title='bbox 1491 2175 1642 2243; x_wconf 84' lang='lat' dir='ltr'><strong>vid.</strong></span> <span class='ocrx_word' id='word_1_76' title='bbox 1678 2198 1839 2264; x_wconf 85' lang='lat' dir='ltr'><strong>quae</strong></span> <span class='ocrx_word' id='word_1_77' title='bbox 1870 2175 2139 2243; x_wconf 84' lang='lat' dir='ltr'><strong>diximus</strong></span> <span class='ocrx_word' id='word_1_78' title='bbox 2164 2201 2232 2266; x_wconf 90' lang='lat' dir='ltr'><strong>p.</strong></span> <span class='ocrx_word' id='word_1_79' title='bbox 2261 2199 2370 2265; x_wconf 86' lang='lat'><strong>92.</strong></span> 
     </span>
     <span class='ocr_line' id='line_1_16' title="bbox 325 2295 1685 2386; baseline -0.005 -20"><span class='ocrx_word' id='word_1_80' title='bbox 325 2299 835 2369; x_wconf 84' lang='lat' dir='ltr'><strong>Retractationes</strong></span> <span class='ocrx_word' id='word_1_81' title='bbox 867 2299 938 2363; x_wconf 92' lang='lat' dir='ltr'><strong>in</strong></span> <span class='ocrx_word' id='word_1_82' title='bbox 965 2299 1183 2369; x_wconf 39' lang='lat' dir='ltr'><strong>Actus*</strong></span> <span class='ocrx_word' id='word_1_83' title='bbox 1198 2295 1685 2386; x_wconf 87' lang='lat' dir='ltr'><strong>Apostolorum.</strong></span> 
     </span>
    </p>

    <p class='ocr_par' dir='ltr' id='par_1_9' title="bbox 480 2412 2377 2740">
     <span class='ocr_line' id='line_1_17' title="bbox 480 2412 2377 2504; baseline -0.002 -24"><span class='ocrx_word' id='word_1_84' title='bbox 480 2418 658 2483; x_wconf 83' lang='lat' dir='ltr'><strong>Post</strong></span> <span class='ocrx_word' id='word_1_85' title='bbox 701 2440 939 2487; x_wconf 87' lang='lat' dir='ltr'><strong>annum</strong></span> <span class='ocrx_word' id='word_1_86' title='bbox 966 2415 1107 2504; x_wconf 48' lang='lat'><strong>¹731</strong></span> <span class='ocrx_word' id='word_1_87' title='bbox 1159 2416 1593 2504; x_wconf 83' lang='lat' dir='ltr'><strong>compositae:</strong></span> <span class='ocrx_word' id='word_1_88' title='bbox 1662 2413 1855 2479; x_wconf 75' lang='lat' dir='ltr'><strong>«Post</strong></span> <span class='ocrx_word' id='word_1_89' title='bbox 1896 2412 2377 2502; x_wconf 84' lang='lat' dir='ltr'><strong>Expositionem</strong></span> 
     </span>
     <span class='ocr_line' id='line_1_18' title="bbox 587 2532 2376 2623; baseline -0.002 -23"><span class='ocrx_word' id='word_1_90' title='bbox 587 2536 869 2603; x_wconf 81' lang='lat' dir='ltr'><strong>Actuum</strong></span> <span class='ocrx_word' id='word_1_91' title='bbox 905 2533 1368 2623; x_wconf 86' lang='lat' dir='ltr'><strong>Apostolorum</strong></span> <span class='ocrx_word' id='word_1_92' title='bbox 1381 2579 1400 2615; x_wconf 88' lang='lat'>,</span> <span class='ocrx_word' id='word_1_93' title='bbox 1420 2556 1630 2620; x_wconf 28' lang='lat' dir='ltr'><strong>,quam</strong></span> <span class='ocrx_word' id='word_1_94' title='bbox 1659 2547 1805 2597; x_wconf 89' lang='lat' dir='ltr'><strong>ante</strong></span> <span class='ocrx_word' id='word_1_95' title='bbox 1835 2554 2035 2597; x_wconf 89' lang='lat' dir='ltr'><strong>annos</strong></span> <span class='ocrx_word' id='word_1_96' title='bbox 2066 2532 2376 2621; x_wconf 90' lang='lat' dir='ltr'><strong>plurimos</strong></span> 
     </span>
     <span class='ocr_line' id='line_1_19' title="bbox 593 2652 1820 2740; baseline -0.001 -23"><span class='ocrx_word' id='word_1_97' title='bbox 593 2652 1106 2740; x_wconf 84' lang='lat' dir='ltr'><strong>conscripsimus.</strong></span> <span class='ocrx_word' id='word_1_98' title='bbox 1122 2683 1148 2710; x_wconf 71' lang='lat' dir='ltr'><strong>n</strong></span> <span class='ocrx_word' id='word_1_99' title='bbox 1194 2652 1409 2718; x_wconf 84' lang='lat' dir='ltr'><strong>Praef.</strong></span> <span class='ocrx_word' id='word_1_100' title='bbox 1444 2653 1513 2716; x_wconf 89' lang='lat' dir='ltr'><strong>in</strong></span> <span class='ocrx_word' id='word_1_101' title='bbox 1543 2654 1820 2716; x_wconf 84' lang='lat' dir='ltr'><strong>Retract.</strong></span> 
     </span>
    </p>

    <p class='ocr_par' dir='ltr' id='par_1_10' title="bbox 323 2768 1537 2863">
     <span class='ocr_line' id='line_1_20' title="bbox 323 2768 1537 2863; baseline -0.001 -28"><span class='ocrx_word' id='word_1_102' title='bbox 323 2770 609 2858; x_wconf 83' lang='lat' dir='ltr'><strong>Epistola</strong></span> <span class='ocrx_word' id='word_1_103' title='bbox 644 2768 732 2834; x_wconf 89' lang='lat' dir='ltr'><strong>ad</strong></span> <span class='ocrx_word' id='word_1_104' title='bbox 760 2792 1110 2836; x_wconf 69' lang='lat' dir='ltr'><strong>nonnarum</strong></span> <span class='ocrx_word' id='word_1_105' title='bbox 1136 2769 1537 2863; x_wconf 76' lang='lat' dir='ltr'><strong>Antistitem.</strong></span> 
     </span>
    </p>

    <p class='ocr_par' dir='ltr' id='par_1_11' title="bbox 498 2882 2370 3211">
     <span class='ocr_line' id='line_1_21' title="bbox 498 2882 2370 2976; baseline -0.001 -25"><span class='ocrx_word' id='word_1_106' title='bbox 498 2886 668 2964; x_wconf 85' lang='lat' dir='ltr'><strong>Data</strong></span> <span class='ocrx_word' id='word_1_107' title='bbox 722 2908 893 2952; x_wconf 87' lang='lat' dir='ltr'><strong>anno</strong></span> <span class='ocrx_word' id='word_1_108' title='bbox 952 2885 1269 2974; x_wconf 77' lang='grc'><strong>734-735.</strong></span> <span class='ocrx_word' id='word_1_109' title='bbox 1349 2882 1496 2952; x_wconf 77' lang='lat' dir='ltr'><strong>«Sic</strong></span> <span class='ocrx_word' id='word_1_110' title='bbox 1542 2908 1661 2976; x_wconf 89' lang='lat' dir='ltr'><strong>per</strong></span> <span class='ocrx_word' id='word_1_111' title='bbox 1713 2906 1913 2952; x_wconf 85' lang='lat' dir='ltr'><strong>annos</strong></span> <span class='ocrx_word' id='word_1_112' title='bbox 1971 2884 2227 2960; x_wconf 80' lang='lat' dir='ltr'><strong>circiter</strong></span> <span class='ocrx_word' id='word_1_113' title='bbox 2284 2884 2370 2950; x_wconf 82' lang='lat'><strong>30</strong></span> 
     </span>
     <span class='ocr_line' id='line_1_22' title="bbox 584 3001 2369 3090; baseline -0.001 -22"><span class='ocrx_word' id='word_1_114' title='bbox 584 3006 653 3070; x_wconf 86' lang='lat' dir='ltr'><strong>h.</strong></span> <span class='ocrx_word' id='word_1_115' title='bbox 692 3025 753 3070; x_wconf 90' lang='lat' dir='ltr'><strong>e.</strong></span> <span class='ocrx_word' id='word_1_116' title='bbox 811 3025 890 3068; x_wconf 81' lang='lat' dir='ltr'><strong>ex</strong></span> <span class='ocrx_word' id='word_1_117' title='bbox 935 3026 1067 3090; x_wconf 85' lang='lat' dir='ltr'><strong>quo</strong></span> <span class='ocrx_word' id='word_1_118' title='bbox 1088 3026 1353 3074; x_wconf 16' lang='lat' dir='ltr'><strong>..threnn</strong></span> <span class='ocrx_word' id='word_1_119' title='bbox 1390 3003 1526 3068; x_wconf 85' lang='lat' dir='ltr'><strong>Rex</strong></span> <span class='ocrx_word' id='word_1_120' title='bbox 1564 3005 1856 3068; x_wconf 87' lang='lat' dir='ltr'><strong>humanis</strong></span> <span class='ocrx_word' id='word_1_121' title='bbox 1900 3005 2087 3068; x_wconf 88' lang='lat' dir='ltr'><strong>rebus</strong></span> <span class='ocrx_word' id='word_1_122' title='bbox 2127 3001 2369 3069; x_wconf 84' lang='lat' dir='ltr'><strong>ablatus</strong></span> 
     </span>
     <span class='ocr_line' id='line_1_23' title="bbox 570 3118 2369 3211; baseline -0.001 -26"><span class='ocrx_word' id='word_1_123' title='bbox 570 3136 686 3206; x_wconf 88' lang='lat' dir='ltr'><strong>est</strong></span> <span class='ocrx_word' id='word_1_124' title='bbox 701 3167 721 3204; x_wconf 90' lang='lat'>,</span> <span class='ocrx_word' id='word_1_125' title='bbox 778 3119 1114 3211; x_wconf 85' lang='lat' dir='ltr'><strong>provincia</strong></span> <span class='ocrx_word' id='word_1_126' title='bbox 1164 3134 1380 3184; x_wconf 86' lang='lat' dir='ltr'><strong>nostra</strong></span> <span class='ocrx_word' id='word_1_127' title='bbox 1428 3141 1664 3195; x_wconf 84' lang='lat' dir='ltr'><strong>vesano</strong></span> <span class='ocrx_word' id='word_1_128' title='bbox 1698 3119 1813 3185; x_wconf 92' lang='lat' dir='ltr'><strong>illo</strong></span> <span class='ocrx_word' id='word_1_129' title='bbox 1854 3141 2072 3185; x_wconf 87' lang='lat' dir='ltr'><strong>errore</strong></span> <span class='ocrx_word' id='word_1_130' title='bbox 2107 3118 2369 3184; x_wconf 89' lang='lat' dir='ltr'><strong>demen-</strong></span> 
     </span>
    </p>

    <p class='ocr_par' dir='ltr' id='par_1_12' title="bbox 510 3238 2367 3444">
     <span class='ocr_line' id='line_1_24' title="bbox 510 3238 2367 3328; baseline 0 -22"><span class='ocrx_word' id='word_1_131' title='bbox 510 3291 520 3301; x_wconf 92' lang='lat'><strong>.</strong></span> <span class='ocrx_word' id='word_1_132' title='bbox 583 3256 716 3306; x_wconf 86' lang='lat' dir='ltr'><strong>tata</strong></span> <span class='ocrx_word' id='word_1_133' title='bbox 750 3256 912 3308; x_wconf 81' lang='lat' dir='ltr'><strong>est.»</strong></span> <span class='ocrx_word' id='word_1_134' title='bbox 968 3238 1142 3307; x_wconf 90' lang='lat' dir='ltr'><strong>Edit.</strong></span> <span class='ocrx_word' id='word_1_135' title='bbox 1178 3260 1437 3309; x_wconf 69' lang='lat' dir='ltr'><strong>wuut&#39;r.</strong></span> <span class='ocrx_word' id='word_1_136' title='bbox 1476 3264 1543 3327; x_wconf 91' lang='lat' dir='ltr'><strong>p.</strong></span> <span class='ocrx_word' id='word_1_137' title='bbox 1584 3240 1735 3308; x_wconf 85' lang='lat'><strong>261.</strong></span> <span class='ocrx_word' id='word_1_138' title='bbox 1801 3239 1951 3308; x_wconf 89' lang='lat' dir='ltr'><strong>Vid.</strong></span> <span class='ocrx_word' id='word_1_139' title='bbox 1991 3262 2162 3328; x_wconf 83' lang='lat' dir='ltr'><strong>quae</strong></span> <span class='ocrx_word' id='word_1_140' title='bbox 2185 3256 2367 3306; x_wconf 89' lang='lat' dir='ltr'><strong>nota-</strong></span> 
     </span>
     <span class='ocr_line' id='line_1_25' title="bbox 587 3359 1049 3444; baseline 0 -23"><span class='ocrx_word' id='word_1_141' title='bbox 587 3359 792 3422; x_wconf 84' lang='lat' dir='ltr'><strong>vimus</strong></span> <span class='ocrx_word' id='word_1_142' title='bbox 837 3379 904 3444; x_wconf 91' lang='lat' dir='ltr'><strong>p.</strong></span> <span class='ocrx_word' id='word_1_143' title='bbox 938 3378 1049 3442; x_wconf 84' lang='lat'><strong>92.</strong></span> 
     </span>
    </p>

    <p class='ocr_par' dir='ltr' id='par_1_13' title="bbox 315 3474 2364 3916">
     <span class='ocr_line' id='line_1_26' title="bbox 340 3474 2247 3564; baseline 0 -26"><span class='ocrx_word' id='word_1_144' title='bbox 340 3529 347 3538; x_wconf 94' lang='lat'><strong>.</strong></span> <span class='ocrx_word' id='word_1_145' title='bbox 402 3477 743 3559; x_wconf 88' lang='lat' dir='ltr'><strong>Ceterum,</strong></span> <span class='ocrx_word' id='word_1_146' title='bbox 773 3490 1067 3564; x_wconf 90' lang='lat' dir='ltr'><strong>tempore</strong></span> <span class='ocrx_word' id='word_1_147' title='bbox 1096 3474 1344 3538; x_wconf 87' lang='lat' dir='ltr'><strong>incerto</strong></span> <span class='ocrx_word' id='word_1_148' title='bbox 1364 3522 1382 3557; x_wconf 89' lang='lat'>‚</span> <span class='ocrx_word' id='word_1_149' title='bbox 1420 3475 1549 3540; x_wconf 87' lang='lat' dir='ltr'><strong>hoc</strong></span> <span class='ocrx_word' id='word_1_150' title='bbox 1579 3488 1827 3544; x_wconf 78' lang='lat' dir='ltr'><strong>tantum</strong></span> <span class='ocrx_word' id='word_1_151' title='bbox 1846 3474 2120 3539; x_wconf 85' lang='lat' dir='ltr'><strong>scimus:</strong></span> <span class='ocrx_word' id='word_1_152' title='bbox 2162 3508 2247 3524; x_wconf 93' lang='lat'><strong>--</strong></span> 
     </span>
     <span class='ocr_line' id='line_1_27' title="bbox 319 3590 2364 3682; baseline -0.001 -25"><span class='ocrx_word' id='word_1_153' title='bbox 319 3593 828 3659; x_wconf 82' lang='lat' dir='ltr'><strong>Commentarius</strong></span> <span class='ocrx_word' id='word_1_154' title='bbox 894 3593 962 3656; x_wconf 92' lang='lat' dir='ltr'><strong>in</strong></span> <span class='ocrx_word' id='word_1_155' title='bbox 1035 3590 1199 3657; x_wconf 89' lang='lat' dir='ltr'><strong>Gen.</strong></span> <span class='ocrx_word' id='word_1_156' title='bbox 1269 3592 1321 3662; x_wconf 83' lang='grc' dir='ltr'><strong>Ι,</strong></span> <span class='ocrx_word' id='word_1_157' title='bbox 1396 3607 1461 3657; x_wconf 92' lang='lat' dir='ltr'><strong>et</strong></span> <span class='ocrx_word' id='word_1_158' title='bbox 1522 3592 1639 3659; x_wconf 90' lang='lat'><strong>111.</strong></span> <span class='ocrx_word' id='word_1_159' title='bbox 1715 3590 1844 3657; x_wconf 82' lang='lat'><strong>1-3.</strong></span> <span class='ocrx_word' id='word_1_160' title='bbox 1923 3594 2195 3682; x_wconf 65' lang='lat' dir='ltr'><strong>,scriptus</strong></span> <span class='ocrx_word' id='word_1_161' title='bbox 2269 3609 2364 3657; x_wconf 88' lang='lat' dir='ltr'><strong>est</strong></span> 
     </span>
     <span class='ocr_line' id='line_1_28' title="bbox 315 3710 2363 3801; baseline 0 -27"><span class='ocrx_word' id='word_1_162' title='bbox 315 3726 461 3776; x_wconf 84' lang='lat' dir='ltr'><strong>ante</strong></span> <span class='ocrx_word' id='word_1_163' title='bbox 518 3712 998 3801; x_wconf 81' lang='lat' dir='ltr'><strong>Expositionem</strong></span> <span class='ocrx_word' id='word_1_164' title='bbox 1062 3734 1300 3795; x_wconf 54' lang='lat' dir='ltr'><strong>ansn,</strong></span> <span class='ocrx_word' id='word_1_165' title='bbox 1369 3727 1434 3779; x_wconf 91' lang='lat' dir='ltr'><strong>et</strong></span> <span class='ocrx_word' id='word_1_166' title='bbox 1485 3724 1709 3800; x_wconf 74' lang='lat' dir='ltr'><strong>vpostea</strong></span> <span class='ocrx_word' id='word_1_167' title='bbox 1776 3710 2104 3799; x_wconf 88' lang='lat' dir='ltr'><strong>aliquanto</strong></span> <span class='ocrx_word' id='word_1_168' title='bbox 2154 3713 2363 3777; x_wconf 43' lang='lat' dir='ltr'><strong>conti*</strong></span> 
     </span>
     <span class='ocr_line' id='line_1_29' title="bbox 317 3828 1257 3916; baseline 0.002 -25"><span class='ocrx_word' id='word_1_169' title='bbox 317 3843 543 3896; x_wconf 83' lang='lat' dir='ltr'><strong>nuatus</strong></span> <span class='ocrx_word' id='word_1_170' title='bbox 589 3828 670 3893; x_wconf 91' lang='lat' dir='ltr'><strong>ad</strong></span> <span class='ocrx_word' id='word_1_171' title='bbox 715 3852 858 3916; x_wconf 89' lang='lat' dir='ltr'><strong>cap.</strong></span> <span class='ocrx_word' id='word_1_172' title='bbox 908 3829 1096 3911; x_wconf 78' lang='lat' dir='ltr'><strong>XXI,</strong></span> <span class='ocrx_word' id='word_1_173' title='bbox 1158 3852 1257 3894; x_wconf 92' lang='lat'><strong>10.</strong></span> 
     </span>
    </p>

    <p class='ocr_par' dir='ltr' id='par_1_14' title="bbox 492 3942 2360 4270">
     <span class='ocr_line' id='line_1_30' title="bbox 492 3942 2360 4034; baseline 0 -26"><span class='ocrx_word' id='word_1_174' title='bbox 492 3944 806 4008; x_wconf 78' lang='lat' dir='ltr'><strong>«Produxi</strong></span> <span class='ocrx_word' id='word_1_175' title='bbox 843 3968 1003 4034; x_wconf 88' lang='lat' dir='ltr'><strong>opus</strong></span> <span class='ocrx_word' id='word_1_176' title='bbox 1035 3967 1230 4034; x_wconf 89' lang='lat' dir='ltr'><strong>usque</strong></span> <span class='ocrx_word' id='word_1_177' title='bbox 1263 3943 1415 4009; x_wconf 91' lang='lat' dir='ltr'><strong>dum</strong></span> <span class='ocrx_word' id='word_1_178' title='bbox 1451 3949 1689 4031; x_wconf 87' lang='lat' dir='ltr'><strong>ejectus</strong></span> <span class='ocrx_word' id='word_1_179' title='bbox 1719 3969 1900 4011; x_wconf 56' lang='lat' dir='ltr'><strong>Anam</strong></span> <span class='ocrx_word' id='word_1_180' title='bbox 1938 3945 2019 4010; x_wconf 91' lang='lat' dir='ltr'><strong>de</strong></span> <span class='ocrx_word' id='word_1_181' title='bbox 2055 3942 2360 4016; x_wconf 89' lang='lat' dir='ltr'><strong>Paradiso</strong></span> 
     </span>
     <span class='ocr_line' id='line_1_31' title="bbox 584 4063 2359 4153; baseline 0.001 -27"><span class='ocrx_word' id='word_1_182' title='bbox 584 4063 925 4152; x_wconf 88' lang='lat' dir='ltr'><strong>voluptatis</strong></span> <span class='ocrx_word' id='word_1_183' title='bbox 941 4112 959 4146; x_wconf 87' lang='lat'><strong>,</strong></span> <span class='ocrx_word' id='word_1_184' title='bbox 1002 4065 1286 4128; x_wconf 84' lang='lat' dir='ltr'><strong>exsilium</strong></span> <span class='ocrx_word' id='word_1_185' title='bbox 1321 4065 1489 4129; x_wconf 87' lang='lat' dir='ltr'><strong>vitae</strong></span> <span class='ocrx_word' id='word_1_186' title='bbox 1519 4065 1890 4153; x_wconf 88' lang='lat' dir='ltr'><strong>temporalis</strong></span> <span class='ocrx_word' id='word_1_187' title='bbox 1918 4066 2207 4147; x_wconf 78' lang='lat' dir='ltr'><strong>intravit3</strong></span> <span class='ocrx_word' id='word_1_188' title='bbox 2249 4065 2359 4128; x_wconf 88' lang='lat' dir='ltr'><strong>ali-</strong></span> 
     </span>
     <span class='ocr_line' id='line_1_32' title="bbox 583 4182 2359 4270; baseline 0.001 -24"><span class='ocrx_word' id='word_1_189' title='bbox 583 4202 706 4267; x_wconf 87' lang='lat' dir='ltr'><strong>qua</strong></span> <span class='ocrx_word' id='word_1_190' title='bbox 748 4183 938 4246; x_wconf 88' lang='lat' dir='ltr'><strong>etiam</strong></span> <span class='ocrx_word' id='word_1_191' title='bbox 985 4182 1063 4247; x_wconf 87' lang='lat' dir='ltr'><strong>de</strong></span> <span class='ocrx_word' id='word_1_192' title='bbox 1105 4183 1506 4270; x_wconf 86' lang='lat' dir='ltr'><strong>sequentibus</strong></span> <span class='ocrx_word' id='word_1_193' title='bbox 1553 4182 1786 4249; x_wconf 83' lang='lat' dir='ltr'><strong>Sacrae</strong></span> <span class='ocrx_word' id='word_1_194' title='bbox 1836 4183 2156 4250; x_wconf 85' lang='lat' dir='ltr'><strong>Historiae</strong></span> <span class='ocrx_word' id='word_1_195' title='bbox 2206 4184 2359 4250; x_wconf 88' lang='lat' dir='ltr'><strong>scri-</strong></span> 
     </span>
    </p>
   </div>
  </div>
 </body>
</html>
