2922 5195
1312 470 1394 531 43

338 652 631 732 retinuit,
680 673 838 739 opus
880 664 1186 714 vetustum
1210 697 1228 732 ,
1268 647 1455 731 rude,
1509 672 1848 736 quernum‚
1896 651 2008 716 sed
2056 677 2184 740 quo
2229 655 2385 720 nihil

341 770 589 858 populo
636 768 835 833 carius
880 784 973 832 est
1015 783 1080 833 et
1125 768 1437 855 antiquius
1489 766 1608 855 (1).

432 887 641 967 Quum
714 904 928 951 autem
998 909 1204 951 mamm
1278 908 1418 949 ossa
1493 887 1744 951 Gir-vico
1811 903 2388 976 transportarentur

340 1004 753 1088 Dunelmum‚
810 1006 995 1089 hujus
1044 1004 1221 1067 urbis
1275 1003 1542 1067 ecclesia
1599 1003 1742 1068 sore
1804 1005 2183 1070 existimavit
2204 1054 2223 1087 ‚
2283 1023 2386 1090 ut,

337 1124 496 1186 tanti
539 1124 661 1185 viri
702 1121 984 1208 reliquiis
1018 1122 1262 1209 gremio
1307 1144 1424 1185 suo
1471 1121 1890 1209 excipiendis,
1937 1127 2250 1210 majorem
2293 1126 2386 1191 fa-

345 1262 488 1302 mae
526 1238 959 1303 celebritatem
991 1253 1513 1326 consequeretur.
1606 1240 1689 1302 Et
1722 1240 1790 1302 in
1820 1239 2071 1304 laudem
2104 1265 2389 1309 nueoms

343 1355 684 1444 Episcopi,
745 1356 854 1444 qui
906 1356 1125 1421 seculo
1175 1356 1301 1420 XII
1351 1353 1571 1420 medio
1621 1355 1855 1421 Sedem
1903 1358 2391 1423 Dunelmensem

342 1473 720 1562 occupavit,
767 1489 1021 1561 praeter
1058 1473 1180 1537 alia
1222 1495 1421 1561 opera
1459 1473 1730 1562 insignia
1768 1474 1896 1538 hoc
1935 1474 2226 1562 inprimis
2259 1498 2394 1540 me-

342 1604 660 1671 moratur,
708 1588 881 1676 quod
920 1590 989 1652 in
1027 1587 1207 1653 Sedis
1245 1612 1394 1655 suae
1428 1589 1697 1655 ecclesia
1729 1577 2035 1653 feretrum
2068 1590 2391 1677 quoddam

344 1713 704 1772 construxit
746 1704 930 1771 valde
973 1707 1335 1795 speciosum
1355 1753 1374 1789 ,
1425 1730 1584 1771 auro
1635 1722 1701 1771 et
1744 1723 2008 1796 argento
2057 1709 2393 1797 purissimo

342 1826 796 1907 fabrefactum,
842 1823 1282 1912 lapidibusque
1325 1825 1621 1912 pretiosis
1674 1824 2054 1890 adornatum
2091 1826 2392 1912 mirifice,

344 1943 413 2006 in
444 1966 574 2031 quo
599 1943 719 2007 viri
750 1944 826 2008 V
809 1942 1184 2025 enerabili-5,
1236 1965 1475 2025 mnan,
1522 1943 1882 2030 Presbyteri
1929 1958 1996 2008 et
2046 1944 2397 2009 Girviensis

347 2062 676 2143 monachi,
723 2084 863 2126 ossa
901 2085 1052 2125 cum
1090 2061 1442 2126 multorum
1491 2059 1762 2126 aliorum
1808 2059 2193 2128 Sanctorum
2248 2063 2397 2128 reli-

351 2186 515 2274 quiis
541 2181 883 2248 collocavit
910 2178 1003 2268 (2)
1018 2230 1035 2246 .
1127 2179 1537 2244 Gloriabatur
1564 2179 1821 2266 insuper
1845 2177 2072 2243 eadem
2095 2178 2398 2263 ecclesia,

344 2319 599 2393 praeter
643 2301 794 2365 alias
840 2321 943 2363 res
1002 2296 1231 2361 multas
1248 2343 1270 2378 ‚
1324 2295 1700 2383 antiquitate
1756 2310 1864 2359 aut
1915 2296 2125 2383 pretio
2182 2319 2353 2361 raras
2366 2345 2387 2379 ,

345 2423 599 2488 tunicae
636 2417 851 2482 Sancti
895 2437 1101 2480 mamm
1143 2411 1426 2479 doctoris
1469 2413 1929 2502 possessionem
1967 2412 2082 2502 (3).
2178 2414 2396 2478 Exstat

347 2561 601 2629 quoque
637 2534 878 2602 ibidem
923 2555 1131 2599 mmm
1182 2531 1421 2623 effigies
1436 2579 1455 2616 ,
1507 2531 1786 2622 pulchris
1828 2531 2111 2619 vivisque
2158 2532 2393 2596 colori-

347 2663 464 2724 hus
509 2660 576 2722 in
631 2648 821 2720 vitro*
850 2650 1108 2740 depicta
1163 2649 1284 2738 (4).

942 2790 1076 2800 -—-——

368 2802 518 2811 ———

441 2857 526 2924 (1)
564 2854 762 2906 Sua-tn
790 2852 938 2900 Hist.
982 2846 1090 2897 and
1114 2846 1306 2912 Antiq.
1335 2847 1401 2911 of
1435 2844 1518 2896 the
1551 2845 1757 2913 County
1788 2845 2037 2895 Palatina
2064 2846 2131 2911 of
2152 2843 2401 2896 Durham

562 2935 683 2987 Vol.
708 2934 776 2986 11.
801 2951 922 3003 pag.
947 2932 1035 2982 68.
1072 2930 1132 2980 A
1145 2928 1254 2979 still
1268 2945 1407 2978 more
1413 2929 1650 2995 popular
1670 2929 1938 2996 antiquity
1955 2964 1971 2991 ,
2004 2926 2180 2978 nxnn’s
2196 2928 2345 2978 chair
2357 2930 2404 2978 is

559 3020 815 3071 exhibited
826 3021 883 3068 in
899 3017 982 3068 the
999 3015 1189 3082 Vestry
1208 3011 1578 3080 (ofJarrow’s
1599 3011 1826 3079 Church)
1838 3041 1894 3074 ,-
1906 3027 1975 3060 an
1990 3012 2078 3061 old
2090 3012 2219 3061 rude
2232 3011 2401 3062 oukea

558 3109 668 3154 seat
686 3140 702 3167 ,
740 3102 909 3153 which
949 3114 1174 3168 appears
1202 3102 1254 3147 to
1282 3097 1410 3146 have
1439 3097 1559 3146 been
1586 3097 1736 3145 doled
1759 3101 1854 3145 out
1874 3096 2002 3145 with
2026 3112 2097 3145 an
2123 3113 2244 3159 axe,
2272 3099 2400 3149 with

560 3187 642 3237 the
670 3188 933 3252 exception
963 3185 1029 3249 of
1052 3183 1133 3233 the
1163 3181 1352 3231 boards
1377 3195 1444 3228 on
1475 3179 1555 3227 the
1597 3178 1725 3229 back
1744 3214 1761 3242 ,
1800 3177 1967 3227 which
2002 3194 2092 3227 are
2125 3179 2359 3230 modern.

443 3271 525 3338 (2)
564 3268 762 3320 Sinon
826 3268 978 3318 Dun.
1000 3302 1016 3329 ,
1088 3266 1389 3315 Continuat.
1457 3263 1605 3313 Hist.
1665 3263 1813 3313 Eccl.
1872 3262 2120 3313 Dunelm.
2171 3261 2273 3313 col.
2318 3264 2405 3316 67.

570 3353 778 3400 Auctor
815 3352 1043 3398 incertus
1086 3348 1145 3396 de
1188 3348 1371 3412 Episc.
1413 3347 1758 3411 Lindissarn.
1803 3351 1853 3395 et
1896 3346 2146 3397 Dunelm.
2190 3347 2247 3395 in
2290 3360 2401 3399 nl..

575 3433 780 3483 Collect.
825 3428 943 3477 vol.
989 3428 1032 3476 Ι.
1070 3427 1220 3476 Tom.
1252 3427 1320 3475 II.
1350 3444 1473 3492 pag.
1502 3428 1625 3475 333.
1664 3456 1723 3465 —
1751 3427 2142 3476 Monumentum
2171 3444 2403 3477 marmo-

566 3531 715 3566 reum
760 3525 917 3562 nunu:
941 3544 957 3570 ,
1008 3509 1065 3558 in
1108 3506 1413 3556 occidentali
1454 3506 1644 3574 templi
1676 3507 2043 3556 Dunelmensis
2081 3517 2260 3573 parte,
2313 3523 2405 3557 suo

565 3608 798 3664 tempore
829 3593 1086 3643 exstitisse
1117 3600 1369 3640 memorat
1392 3591 1548 3641 ctiam
1579 3605 1722 3642 sou«.
1751 3605 1922 3641 sunus
1950 3591 2005 3641 in
2026 3590 2404 3644 TheatrAEr-it.

562 3681 623 3730 de
651 3679 980 3743 Episcopatu
1011 3673 1262 3723 Dunelm.

447 3763 531 3830 (3)
572 3761 694 3812 Vid.
714 3760 885 3809 Index
914 3758 1261 3823 reliquiarum
1280 3791 1297 3819 ,
1328 3756 1479 3806 Eccl.
1498 3756 1746 3806 Dunelm.
1768 3792 1784 3819 ,
1817 3773 1976 3822 quem
2006 3773 2073 3808 ex
2099 3757 2235 3808 libro
2260 3759 2405 3808 anti-

565 3859 668 3908 quo
690 3876 704 3903 ,
743 3840 988 3908 plurimis
1013 3840 1070 3886 in
1094 3838 1222 3888 locis
1251 3837 1381 3888 adeo
1407 3839 1585 3888 vitiato
1601 3874 1616 3901 ‚
1657 3847 1713 3887 ut
1739 3838 1847 3906 legi
1863 3856 1969 3890 non
1983 3852 2155 3907 posset
2174 3876 2190 3903 ,
2219 3841 2402 3892 excudi

564 3925 756 3973 curavit
782 3937 936 3972 snum
970 3923 1026 3971 in
1055 3920 1192 3970 Edit.
1222 3920 1364 3970 laud.
1396 3921 1641 3988 Append.
1669 3921 1827 3972 Num.
1857 3921 1968 3973 XV.
1997 3940 2116 3989 pag.
2144 3923 2266 3971 742.

446 4006 529 4074 (4)
570 4007 757 4071 Antiq.
787 4007 851 4071 of
870 4004 1114 4053 Durham
1146 4003 1327 4068 Abbey
1364 4019 1486 4070 pag.
1513 4004 1635 4053 109.
1686 4004 1857 4054 Busan
1884 4003 1980 4053 lib.
2009 4002 2153 4052 laud.
2183 4001 2300 4055 Vol.
2331 4004 2399 4054 11.

562 4104 682 4155 pag.
711 4087 796 4137 54.
868 4084 1020 4136 Ems
1051 4085 1262 4136 Observ.
1294 4099 1362 4134 on
1385 4084 1620 4150 popular
1649 4085 1840 4149 Antiq.
1873 4084 1989 4135 vol.
2018 4084 2087 4135 11.
2126 4102 2242 4151 pag.
2275 4087 2400 4138 270.

557 4169 724 4221 Lond.
754 4170 905 4222 1813.
