2922 5195
1323 494 1401 553 51

1128 749 1468 819 SECTIO
1523 750 1592 818 1.

643 962 1119 1021 colmanum!
1155 963 1229 1014 IN
1265 962 1490 1016 VETUS
1525 961 2053 1016 TESTAMENTUM.

1227 1175 1460 1193 ψ’

411 1369 492 1434 In
504 1376 896 1458 principium
942 1367 1242 1449 Genesis,
1289 1388 1487 1455 usque
1516 1366 1610 1431 ad
1630 1373 2021 1430 nativitatem
2049 1389 2227 1431 1SAAc
2248 1414 2267 1450 ,
2319 1382 2382 1432 et

305 1490 656 1575 jectionem
702 1507 1079 1567 lsMAHBLIS,
1130 1483 1279 1548 libri
1322 1484 1435 1547 IV
1459 1482 1581 1572 (1).

411 1604 672 1669 Initium
722 1604 907 1688 hujus
960 1602 1138 1686 libri,
1190 1617 1486 1690 spectans
1523 1600 1688 1666 Gen.
1739 1602 1793 1667 Ι.
1832 1618 1895 1666 et
1922 1596 2018 1687 11‘,
2080 1602 2221 1686 1-3,
2265 1627 2372 1669 ex-

319 1737 447 1787 stat
498 1721 667 1786 inter
723 1742 931 1785 mmm
973 1719 1188 1808 Opera
1221 1717 1395 1783 edita
1426 1719 1633 1784 Bastl.
1671 1718 1859 1784 Tom.
1898 1717 2013 1786 IV.
2068 1745 2136 1810 p.
2180 1722 2367 1807 1-26,

320 1856 391 1906 et
426 1839 644 1905 Colon.
683 1839 870 1904 Tom.
906 1837 1020 1904 IV.
1058 1862 1126 1927 p.
1173 1838 1350 1921 1·18‚
1399 1837 1887 1926 inscribiturque
1929 1840 2364 1907 Hexameron.

320 1958 500 2022 Haec
546 1956 693 2021 libri
744 1979 890 2044 pars
940 1957 1008 2021 in
1073 1954 1715 2043 Ortkodoxographis
1762 1970 1828 2017 et
1876 1978 2005 2019 una
2046 1956 2368 2043 alteraque

315 2073 751 2140 Bibliothecae
781 2075 1044 2137 Patrum
1089 2070 1391 2137 Editione
1439 2093 1776 2160 perperam
1811 2069 2053 2159 prodiit
2092 2074 2208 2137 sub
2254 2096 2370 2137 no·

315 2193 492 2257 mine
524 2214 780 2258 sumtu
811 2191 970 2279 Afi'i
1014 2188 1136 2278 (2).
1232 2188 1418 2270 Quae
1467 2186 1993 2253 desiderabantur
2038 2211 2234 2276 usque
2285 2189 2368 2253 ad

308 2309 477 2377 Gen.
516 2311 708 2392 XXI,
761 2333 872 2395 10,
923 2332 997 2374 11.
1051 2329 1487 2391 wmarmum,
1535 2331 1732 2395 quum
1788 2306 2003 2397 Opera
2050 2306 2363 2397 quaedam

310 2428 621 2493 historica
645 2477 664 2510 ,
716 2442 903 2492 antea
949 2450 987 2491 a
1029 2447 1304 2491 wanno
1356 2425 1646 2491 Dublinii
1695 2428 1862 2508 1664
1908 2426 2111 2512 edita,
2158 2427 2365 2520 repeti

310 2560 564 2611 curaret
582 2592 601 2629 ,
637 2568 764 2610 una
789 2569 937 2610 cum
968 2545 1077 2628 iis,
1109 2567 1192 2610 ne
1210 2548 1382 2630 justa
1413 2545 1730 2610 volumini
1753 2546 1955 2613 moles
1981 2545 2225 2615 deesset
2239 2597 2262 2633 „
2291 2551 2360 2616 in

307 2663 522 2728 lucem
551 2662 754 2727 edidit
781 2686 860 2726 ex
889 2663 1153 2747 antiquo
1185 2661 1430 2727 Codice
1448 2710 1469 2744 ,
1504 2664 1575 2727 in
1599 2664 1849 2740 Palatio
1865 2666 2356 2755 Archiepiscopi

305 2779 792 2844 Cantuariensis
805 2776 1240 2841 Lambetlzano
1260 2790 1541 2859 servato,
1555 2775 1830 2841 Londini
1855 2779 2018 2865 1693
2043 2804 2111 2869 p.
2125 2782 2352 2861 1443.

304 2896 436 2959 Ubi
472 2896 561 2959 ita
601 2896 671 2958 in
713 2892 1119 2958 Praefatione
1163 2893 1284 2959 ait:
1379 2894 1609 2959 «Certe
1641 2895 1830 2960 nobis
1868 2898 2103 2986 Anglis
2144 2899 2355 2965 fraudi

300 3034 437 3077 non
469 3012 625 3094 erit,
667 3012 907 3100 scripta
943 3012 1347 3078 conterranei
1374 3013 1576 3077 nost'ri
1605 3013 2006 3080 celeberrimi
2035 3018 2104 3081 in
2134 3017 2347 3084 lucem

296 3130 635 3212 emittere3
699 3130 854 3216 quin
907 3129 1120 3217 potius
1173 3127 1406 3217 pudori
1453 3131 1574 3193 erit
1591 3177 1611 3213 ‚
1665 3153 1741 3194 ea
1780 3131 1964 3196 tineis
2005 3133 2348 3221 blattisque

294 3247 684 3335 relinquere,
724 3271 887 3335 quae
920 3249 1122 3313 exteri
1161 3246 1385 3313 sedulo
1420 3248 1840 3336 conquirunt,
1886 3264 1951 3314 et
1996 3274 2032 3315 e
2064 3251 2345 3316 tenebris

292 3361 594 3451 eripiunt.
688 3365 911 3451 Neque
950 3365 1124 3428 enim
1175 3364 1258 3430 de
1305 3367 1510 3453 gentis
1557 3383 1814 3432 nostrae
1854 3367 2057 3455 gloria
2096 3370 2336 3453 minus,

377 3632 461 3700 (1)
503 3633 575 3684 Ita
613 3649 802 3695 sun-11,
850 3619 1093 3701 'quamvis
1133 3630 1223 3682 alii
1271 3630 1441 3683 Codd.
1485 3632 1681 3696 habent
1719 3632 1830 3698 111,
1884 3637 1960 3688 uti
2005 3646 2058 3688 et
2093 3651 2337 3690 anonas

497 3728 552 3770 et
579 3732 903 3770 mumolus·
970 3715 1270 3769 Secundum
1298 3715 1431 3767 hanc
1458 3715 1774 3768 divisionem
1802 3720 2035 3772 continet
2058 3720 2196 3771 liber
2221 3723 2341 3790 pri-

496 3820 612 3853 mus
648 3804 813 3871 capita
849 3802 986 3853 1-9
1006 3836 1033 3872 ²,
1070 3801 1207 3851 liber
1238 3801 1494 3852 secundus
1522 3818 1669 3870 capp.
1700 3801 1905 3853 10-14
1926 3839 1942 3866 ‚
1981 3805 2159 3854 tertius
2187 3822 2334 3872 capp.

494 3886 720 3937 15—21.
757 3885 1003 3937 Ceterum
1030 3893 1225 3936 constat
1242 3922 1258 3950 ,
1288 3895 1454 3938 totum
1482 3902 1612 3954 opus
1642 3903 1747 3938 non
1763 3885 1894 3937 ultra
1911 3885 2049 3940 Gen.
2066 3887 2216 3951 XXI,
2244 3888 2333 3938 10.

494 3967 755 4034 progredi.

373 4050 460 4117 (2)
502 4049 626 4101 vid.
668 4066 910 4101 »nutus
954 4051 1013 4100 de
1051 4068 1172 4102 vero
1216 4067 1319 4102 usu
1362 4052 1610 4103 Petrum.
1660 4051 1860 4104 Gener.
1893 4053 2050 4103 1656.
2093 4068 2213 4119 pag.
2244 4052 2332 4103 16.

495 4132 682 4185 Surus
742 4134 976 4184 sinentis
1017 4135 1267 4186 Biblioth.
1310 4134 1543 4196 Sancta,
1594 4134 1823 4184 Edition.
1857 4134 2044 4185 Colon.
2087 4133 2206 4184 Lib.
2237 4135 2326 4185 lv.

497 4233 618 4284 pag.
653 4217 772 4267 218.
813 4215 876 4267 C.

1986 4321 2026 4392 4
2048 4317 2077 4346 Ὗ·
