2922 5195
1520 486 1601 546 90

616 780 720 848 Ad
764 780 1086 862 Iudicem,
1156 805 1197 846 a
1243 804 1412 846 num
1464 780 1864 866 confectum,
1908 785 2339 851 recensuimus
2403 810 2570 852 nunc

529 902 729 968 libros
793 926 944 968 cum
1008 901 1319 992 genuinos
1337 948 1356 984 ,
1429 916 1567 966 tum
1627 901 1876 989 spurios
1895 949 1914 984 ,
1980 903 2088 989 qui
2134 927 2408 971 nomen
2444 909 2577 992 ejus

522 1037 775 1110 gerunt.
867 1022 1085 1085 Restat
1102 1067 1123 1104 ,
1171 1036 1245 1083 ut
1290 1019 1602 1085 nonnulla
1641 1043 2013 1085 moneamus
2061 1020 2144 1087 de
2193 1023 2574 1110 quibusdam

526 1140 694 1222 aliis,
756 1139 847 1203 ibi
906 1138 1166 1228 quidem
1214 1162 1350 1205 non
1410 1141 1817 1222 memoratis,
1889 1139 2002 1204 sed
2069 1141 2305 1229 procul
2371 1141 2573 1207 dubio

528 1274 744 1323 tamen
793 1281 833 1322 a
877 1282 1044 1322 nans
1089 1258 1419 1348 profectis.
1515 1258 1884 1347 Principem
1926 1260 2146 1324 locum
2190 1261 2503 1325 habeant:

615 1381 1119 1443 Retractatz‘ones
1145 1386 1214 1441 in
1245 1380 1448 1442 Actus
1481 1378 1950 1466 Apostolorum.

619 1498 753 1561 Has
796 1497 1048 1586 scripsit
1077 1500 1212 1583 jam
1244 1519 1435 1560 senex
1461 1496 1655 1585 paulo
1688 1511 1837 1585 post
1862 1518 2096 1559 annum
2122 1494 2274 1582 731.
2326 1493 2576 1559 Adsunt

525 1616 594 1680 in
622 1638 831 1680 minan
855 1615 1201 1704 OperibuS,
1232 1614 1404 1679 Edit.
1435 1614 1626 1681 Basil.
1658 1614 1979 1680 Tom.VI.
2017 1637 2086 1703 p.
2114 1613 2265 1700 1-39
2284 1661 2302 1695 ,
2340 1613 2574 1679 Colon„

526 1734 716 1799 Tom.
750 1733 864 1799 VI.
910 1757 978 1822 p.
1025 1732 1202 1798 1-28.
1295 1734 1372 1796 In
1419 1756 1549 1820 quo
1596 1726 1768 1798 libro¹
1793 1730 2151 1797 ‘condendo
2196 1747 2444 1797 secutus
2485 1748 2583 1797 est

529 1851 890 1939 exemplum
915 1871 1269 1915 Ancus‘rnu
1290 1897 1308 1931 ,
1348 1852 1455 1937 qui
1477 1898 1495 1931 ,
1544 1874 1768 1932 senex,
1818 1851 2015 1915 libros
2040 1854 2581 1916 Rem-actationum

525 1973 594 2034 in
649 1969 954 2058 opuscula
1014 1967 1327 2055 quaedam
1346 2015 1364 2050 ,
1424 1990 1586 2056 quae
1642 1969 1891 2053 juvenis
1935 1969 2271 2056 scripserat
2287 2015 2308 2052 ,
2357 1992 2578 2034 emen-

530 2087 727 2154 dandi
792 2085 1196 2175 addendique
1260 2109 1448 2151 causa
1502 2101 1950 2174 composuerat
1999 2084 2120 2174 (1).
2225 2085 2434 2150 Multa
2477 2088 2576 2150 in-

530 2229 721 2295 super
775 2206 982 2270 critici
1034 2221 1100 2270 et
1152 2205 1553 2294 grammatici
1605 2206 1855 2294 generis
1912 2203 2182 2290 adjecit,
2233 2203 2410 2291 quod
2455 2228 2577 2294 pro

530 2341 824 2412 tempore
839 2371 857 2407 ,
929 2346 1057 2412 quo
1122 2324 1277 2388 vixit
1292 2372 1309 2407 ,
1368 2346 1757 2413 magnopere
1817 2319 2208 2387 laudandum
2256 2339 2374 2389 est.
2467 2325 2583 2389 Ni-

532 2442 765 2506 mirum
833 2442 903 2506 in
971 2463 1194 2505 manus
1278 2443 1339 2506 ei
1409 2442 1579 2505 forte
1643 2438 1959 2506 inciderat
2020 2440 2243 2507 Codex
2303 2442 2588 2507 Graecus

534 2562 811 2626 Actuum
870 2559 1332 2648 Apostolorum
1387 2559 1781 2648 pervetustus
1798 2608 1816 2644 ,
1876 2575 1942 2626 et
2001 2583 2039 2625 a
2082 2562 2343 2651 recepta
2394 2564 2586 2629 inter-

530 2680 893 2769 pretatione
960 2680 1192 2767 passim
1256 2678 1622 2767 discrepans
1637 2726 1655 2761 ,
1725 2701 1854 2767 quo
1910 2703 2060 2744 cum
2118 2697 2294 2745 textu
2340 2682 2581 2771 vulgari

535 2801 770 2863 Latino
827 2813 1125 2864 accurate
1185 2797 1425 2888 collato
1487 2798 1801 2863 variantes
1857 2799 2168 2864 lectiones
2218 2798 2577 2882 adnotavit,

538 2917 660 2980 hac
733 2931 949 2979 tamen
1021 2916 1317 2979 cautione
1390 2914 1641 2979 addita:
1730 2946 1756 2972 α
1773 2915 1957 2995 Quae
2023 2919 2093 2981 in
2158 2919 2401 2983 Graeco
2454 2920 2586 2984 sive
2675 2899 2679 2904 ⁵

534 3033 752 3114 aliter,
830 3052 943 3095 seu
1015 3031 1156 3118 plus
1234 3048 1344 3096 aut
1397 3034 1608 3097 minus
1668 3037 1877 3122 posita
1931 3034 2198 3101 vidimus
2214 3083 2232 3119 ,
2304 3036 2582 3101 breviter

628 3295 712 3362 (1)
753 3280 1023 3360 Quomodo
1066 3306 1184 3341 suos
1229 3291 1551 3359 aliorumque
1597 3308 1792 3344 errores
1834 3297 2146 3360 correxerit,
2198 3296 2587 3366 intelligimus,

751 3396 801 3432 e.
831 3397 885 3447 g.
916 3395 982 3429 ex
1009 3375 1340 3430 adnotatione
1370 3379 1435 3429 ad
1464 3381 1577 3429 Act.
1607 3379 1668 3440 1,
1700 3378 1768 3429 13
1798 3388 1848 3428 et
1876 3378 2025 3443 VIII,
2060 3381 2114 3430 1.
2186 3379 2355 3431 Ethic
2369 3382 2588 3450 quidem

749 3461 1009 3513 mendacii
1051 3460 1311 3529 redarguit
1354 3461 1707 3531 scriptorem,
1755 3464 1847 3531 qui
1891 3464 1947 3512 in
1987 3463 2122 3514 libro
2151 3466 2211 3515 de
2240 3466 2386 3515 obitu
2414 3456 2593 3517 beatae

758 3548 1043 3597 Genetricis
1075 3545 1211 3607 Dei,
1250 3547 1466 3596 nomine
1498 3561 1788 3609 urnii-ons,
1817 3546 2060 3615 Episcopi
2092 3550 2275 3613 Asiae,
2315 3550 2586 3618 inscripto,

755 3631 970 3682 insulsas
1007 3630 1256 3697 quasdam
1296 3632 1497 3681 fabulas
1541 3630 1735 3682 retulit.
1806 3632 1986 3682 «Haec
2027 3633 2147 3684 ideo
2186 3651 2590 3686 commemorare

755 3719 923 3767 curavi
947 3752 962 3778 ,
1010 3716 1183 3783 inquit
1203 3753 1218 3779 ,
1258 3719 1379 3783 quia
1411 3714 1692 3766 nonnullos
1721 3717 1843 3765 novi
1873 3716 2098 3784 praefato
2128 3716 2382 3769 volumini
2412 3729 2591 3770 contra

753 3799 1103 3855 auctoritatem
1154 3799 1293 3849 beati
1339 3812 1496 3849 tucn
1542 3799 1743 3847 incauta
1786 3801 2069 3850 temeritate
2111 3800 2390 3851 adsensum
2434 3819 2596 3870 prae-

757 3881 952 3933 bere.»
990 3899 1109 3950 pag.
1153 3884 1238 3933 16.
1313 3881 1414 3932 «Si
1453 3881 1533 3932 les
1570 3881 1800 3944 Μοίιιεε,
1843 3883 2019 3933 scribit
2052 3898 2316 3948 summm,
2355 3886 2448 3952 qui
2479 3895 2595 3936 sont

761 3975 964 4016 auteurs
992 3964 1059 4015 de
1090 3965 1138 4015 la
1167 3965 1373 4035 plupart
1398 3964 1492 4016 des
1519 3965 1767 4016 Histoires
1784 4001 1801 4029 ,
1830 3966 2265 4035 principalement
2293 3968 2358 4020 de
2387 3967 2597 4021 l'Occi-

760 4050 921 4112 dent,
976 4050 1180 4100 avaient
1218 4053 1299 4101 ete
1346 4054 1548 4103 animes
1587 4053 1653 4103 de
1697 4063 1776 4103 cet
1818 4055 2011 4121 esprit‚
2051 4071 2180 4105 nous
2208 4054 2478 4106 n'aurions
2507 4073 2597 4124 pas

768 4135 1104 4203 aujourd'hui
1136 4147 1243 4187 tant
1271 4137 1335 4187 de
1367 4137 1533 4189 sables
1561 4138 1688 4187 dans
1718 4155 1812 4187 nos
1843 4137 2014 4189 livres.
2033 4157 2061 4185 ›>
2116 4138 2173 4188 L.
2207 4142 2293 4190 cit.
2326 4139 2476 4193 Tom.
2503 4138 2596 4189 ΙΙΙ.

764 4216 932 4284 Chap.
962 4219 1047 4271 24.
1078 4238 1193 4287 pag.
1221 4220 1343 4271 342.
