2922 5195
1322 521 1398 581 21

331 697 485 762 inde
546 712 833 785 tempore
890 697 1180 761 docuisse
1226 713 1517 766 narretur
1541 745 1559 779 ,
1612 700 1872 787 quisque
1913 700 2123 783 videt,
2190 727 2376 791 quam

335 814 506 878 male
551 815 706 878 haec
744 812 1056 903 quadrent
1097 816 1165 879 in
1205 816 1400 903 ipsius
1441 816 1563 882 viri
1608 818 2009 901 testimonia,
2073 843 2233 907 quae
2275 844 2378 885 su-

332 954 452 1020 pra
516 932 858 996 attulimuS.
956 930 1177 1012 Quid?
1241 931 1415 1019 quod
1481 934 1619 1021 ipsa
1683 934 1793 997 illa
1818 981 1837 1017 ,
1890 957 2054 1021 quae
2112 937 2375 1021 citatur,

331 1069 561 1114 Anum
611 1048 694 1113 ad
741 1048 1285 1137 Cantabrigiensis
1331 1050 1651 1137 Epistola,
1696 1066 1761 1115 et
1806 1074 2014 1115 mmm
2056 1053 2336 1142 magistri
2356 1103 2376 1137 ,
2423 1135 2430 1140 ·

333 1189 372 1230 a
419 1166 656 1231 scholis
703 1168 1045 1248 recessuri,
1097 1166 1178 1231 ad
1219 1165 1567 1256 discipulos
1617 1169 1976 1233 exhortatio
1997 1217 2017 1252 ,
2062 1170 2210 1234 luce
2249 1171 2377 1238 cla·

334 1283 464 1348 rius
503 1282 844 1348 ostendunt
877 1284 1032 1348 falsa
1066 1285 1232 1349 veris
1246 1332 1266 1367 ,
1315 1289 1530 1373 spuria
1561 1286 1847 1375 genuinis
1883 1308 2018 1350 esse
2043 1286 2379 1353 immixta?

329 1400 683 1489 Epistolam
749 1402 922 1465 enim
992 1400 1075 1465 ad
1127 1402 1367 1466 Literas
1391 1449 1410 1485 ,
1482 1425 1637 1490 quas
1704 1425 1979 1467 Amemus
2047 1404 2379 1469 monachis

334 1520 430 1583 W
426 1517 955 1582 iremutlzensibus
992 1519 1276 1607 scripsit,
1315 1520 1824 1584 exhortationem
1866 1542 2024 1585 vero
2060 1518 2144 1583 ad
2170 1542 2380 1586 narra·

330 1636 576 1701 tionem
612 1635 952 1724 quamdam
987 1659 1357 1700 cornuam
1375 1684 1394 1718 ,
1428 1636 1723 1725 discipuli
1754 1660 1962 1701 annm
1981 1683 2000 1719 ,
2035 1636 2376 1703 confictam

333 1777 467 1822 esse
489 1802 507 1837 ,
557 1755 706 1819 satis
761 1770 941 1819 certo
988 1755 1145 1818 mihi
1193 1769 1443 1819 constat
1489 1754 1515 1841 (
1524 1754 1609 1842 1).

420 1874 602 1936 ΒΒΒΑ
645 1873 839 1961 igitur
857 1919 876 1953 ,
936 1874 1218 1960 quamvis
1271 1895 1594 1960 nunquam
1644 1873 1886 1959 patriae
1939 1872 2098 1938 fines
2160 1896 2374 1940 exces-
2408 1855 2416 1862 ’
2481 1892 2500 1904 ·

328 1990 480 2056 sisse
504 2039 524 2074 ,
571 2014 695 2056 nec
754 2013 902 2056 cum
948 1990 1085 2054 ullo
1133 2013 1395 2057 munere
1442 1989 1707 2078 publico
1752 1990 2157 2077 tranquillam
2206 1991 2378 2057 vitae

330 2109 722 2174 monasticae
764 2105 1207 2173 conditionem
1256 2121 1532 2171 mutasse
1581 2106 1896 2201 vidimus,
1948 2106 2113 2172 adeo
2160 2122 2377 2172 tamen

330 2227 401 2291 in
448 2227 818 2292 monasterii
861 2225 1202 2291 solitudine
1252 2248 1319 2290 se
1363 2223 1770 2289 abscondisse
1815 2240 1882 2290 et
1933 2225 2111 2312 quasi
2157 2225 2379 2313 sepeli-

330 2344 493 2409 visse
539 2343 988 2408 existimandus
1024 2365 1158 2407 non
1201 2357 1332 2423 est,
1380 2357 1453 2406 ut
1490 2342 1843 2406 amicorum
1886 2342 2276 2407 commercio
2315 2358 2381 2410 et

329 2461 654 2527 societatis
718 2484 834 2525 usu
894 2461 1084 2550 plane
1153 2461 1522 2525 abstineret.
1615 2461 1837 2525 Exstat
1895 2476 2069 2526 certe
2118 2463 2250 2545 ejus
2295 2458 2379 2524 ad

328 2603 680 2647 nonnarum
711 2579 1078 2645 Antistitem
1109 2578 1395 2669 Epistola
1415 2627 1434 2663 ,
1486 2601 1563 2644 ex
1589 2602 1714 2667 qua
1741 2594 2003 2668 apparet
2018 2625 2037 2661 ,
2073 2602 2221 2643 eum
2261 2601 2379 2666 per

330 2699 467 2765 dies
522 2700 766 2788 aliquot
788 2746 808 2781 ,
858 2700 945 2763 ob
1002 2721 1342 2762 commune
1405 2695 1662 2785 legendi
1710 2695 1987 2759 studium
2008 2743 2029 2777 ,
2093 2695 2163 2757 in
2213 2693 2380 2761 illius

331 2818 724 2882 monasterio
769 2815 1055 2879 Eboraci
1103 2826 1573 2877 commoratum
1592 2859 1612 2894 ,
1662 2825 1850 2899 atque
1900 2811 1982 2875 ab
2025 2811 2235 2875 amico
2282 2811 2381 2875 in-

331 2934 602 2999 vitatum
666 2956 830 3015 esse,
896 2946 968 2996 ut
1027 2930 1317 3018 sequenti
1376 2951 1632 3018 quoque
1692 2951 1862 2993 anno
1926 2927 2382 2993 confabulandi

330 3074 522 3118 causa
566 3053 636 3115 in
681 3048 957 3115 eundem
998 3048 1218 3112 locum
1264 3046 1593 3111 deveniret
1639 3046 1760 3134 (2).
1856 3046 1973 3109 Cui
2019 3045 2382 3110 invitationi

333 3171 672 3260 quominus
719 3167 1138 3247 satisfaceret,
1190 3162 1525 3253 impedivit
1566 3185 1713 3226 eum
1752 3160 2037 3244 infirma,
2091 3185 2214 3248 qua
2246 3165 2380 3248 jam

331 3305 487 3354 tunc
523 3288 930 3377 premebatur
948 3331 969 3366 ‚
1017 3283 1306 3372 corporis
1349 3279 1649 3346 valetudo
1670 3328 1690 3362 ,
1735 3279 1936 3343 missis
1972 3296 2187 3375 tamen
2221 3279 2385 3351 Lite-

331 3408 422 3473 ris
462 3404 846 3470 desiderium
881 3404 979 3466 sui
1010 3401 1255 3466 lenivit.
1350 3397 1672 3461 Inciderat
1703 3419 1934 3483 nempe
1965 3397 2036 3460 in
2071 3394 2384 3482 ejusmodi

407 3650 492 3720 (l)
533 3650 608 3702 De
636 3649 869 3717 utrisque
896 3647 1029 3698 infra
1059 3663 1154 3697 suo
1181 3645 1295 3697 loco
1322 3644 1580 3696 dicemus.

406 3735 493 3804 (2)
533 3735 699 3786 Banu
716 3735 894 3800 Epist.
914 3734 985 3783 ad
998 3733 1293 3796 Egbertum
1312 3733 1519 3782 Antist.
1535 3730 1662 3783 edit.
1676 3731 1743 3782 ab
1758 3745 1804 3782 s.
1821 3742 2030 3779 winizo
2048 3726 2207 3778 Dubl.
2227 3727 2381 3790 1664,

540 3817 755 3884 repetita
784 3815 850 3865 ab
881 3830 936 3865 ιι.
960 3829 1244 3866 wmarono
1272 3814 1442 3865 Lond.
1474 3815 1630 3878 1693,
1661 3825 1711 3864 et
1740 3831 1768 3863 a
1796 3827 1951 3864 sntrn
1976 3812 2035 3860 in
2063 3810 2203 3861 Edit.
2235 3810 2386 3860 Can-

543 3896 673 3946 tabr.
711 3895 882 3959 1722,
919 3895 1038 3945 init.
1105 3893 1292 3946 Simile
1335 3895 1464 3962 quid
1505 3895 1698 3964 legitur
1726 3896 1784 3946 in
1813 3892 2041 3962 Epistola
2073 3894 2133 3943 de
2169 3894 2382 3957 Aequi-

545 3983 715 4030 noctio
745 3979 810 4029 ad
840 3992 1155 4030 wteuumn
1185 3980 1392 4046 scripta,
1424 3979 1479 4027 in
1515 3997 1637 4046 qua,
1670 3995 1915 4030 «memor
1943 3974 2306 4025 familiaritatis
2333 3987 2387 4026 et

548 4065 840 4115 dulcedinis
861 4100 877 4126 ,
915 4063 1106 4130 quibus
1135 4062 1226 4114 ille
1257 4078 1311 4113 se
1343 4071 1631 4129 susceperat
1648 4096 1665 4124 ,
1698 4061 2055 4128 quaestionem
2074 4093 2088 4119 ‚
2114 4059 2196 4106 cui
2226 4076 2386 4125 prae-

542 4165 664 4201 sens
709 4148 929 4199 breviter
958 4147 1322 4214 responderat,
1361 4146 1477 4212 jam
1518 4142 1674 4194 latius
1709 4140 1985 4209 explanare
2022 4139 2335 4208 aggreditur.
2354 4159 2384 4188 »

548 4232 701 4304 Oper.
735 4233 872 4285 Edit.
902 4232 1089 4286 Colon.
1118 4232 1237 4284 Vol.
1266 4232 1334 4284 11.
1364 4247 1486 4299 pag.
1517 4226 1639 4280 230.
