2922 5195
1538 499 1621 560 76

555 681 783 771 quibus
829 682 899 744 in
942 679 1110 742 libro
1158 678 1239 740 de
1288 675 1732 762 TemporibuS,
1782 676 1939 763 Cap.
1979 675 2134 740 XVI
2150 724 2169 758 ,
2225 701 2371 742 usus
2418 693 2550 742 erat
2570 725 2594 760 ‚

552 800 789 881 citatis,
847 802 1156 877 sosarnt,
1215 816 1518 858 ornemus
1546 841 1564 875 ,
1631 815 2009 857 manonrm
2032 842 2052 875 ,
2118 800 2184 859 et
2242 817 2595 861 Aueus'rmr

546 917 926 982 testimoniis
983 929 1049 979 et
1101 913 1478 976 auctoritate
1533 934 1713 975 suam
1771 913 2150 976 sententiam
2204 911 2545 977 confirmat
2568 960 2593 994 ,

549 1055 874 1100 nnsnnnm
907 1047 1133 1096 contra
1151 1078 1170 1112 ,
1219 1029 1655 1095 Hebraeorum
1689 1029 1939 1119 linguae
1970 1030 2337 1118 imperitum
2354 1077 2372 1111 ‚
2401 1052 2600 1093 ¹erro·

550 1154 637 1217 ris
668 1149 1014 1240 redarguit.
1092 1148 1389 1236 Denique⁴
1412 1170 1450 1212 a
1481 1170 1822 1212 rnnewmo
1855 1150 2018 1238 petit
2036 1195 2054 1230 ,
2104 1163 2176 1212 ut
2207 1149 2320 1212 has
2353 1149 2601 1213 Literas

550 1268 762 1332 tradat
815 1266 1138 1331 monacho
1182 1265 1435 1330 cuidam
1470 1260 1747 1349 rmum,
1805 1268 1872 1330 in
1914 1267 2213 1331 Dioecesi
2243 1284 2595 1344 mnrium,

552 1403 652 1467 ut,
682 1387 865 1450 lectis
895 1384 1018 1448 illis
1050 1407 1270 1449 coram
1298 1384 1600 1448 Antistite
1618 1431 1637 1466 ‚
1676 1383 2097 1448 accusationis
2124 1383 2362 1447 falsitas
2384 1383 2599 1472 palam

552 1504 687 1569 fiat.
775 1504 990 1591 Ipsum
1032 1524 1293 1589 quoque
1329 1524 1622 1566 osunen
1673 1503 1965 1590 inprimis
1996 1516 2181 1592 rogat
2199 1549 2219 1584 ,
2267 1517 2342 1565 ut
2372 1516 2601 1566 contra

529 1620 901 1687 ·malevolos
943 1642 1085 1683 suas
1127 1636 1341 1708 partes
1384 1636 1637 1684 tueatur
1680 1619 1804 1717 (1).
2382 1616 2388 1621 ’

641 1740 861 1803 Altera
931 1737 1275 1826 Epistola,·
1332 1761 1493 1825 quae
1556 1754 1842 1826 superest
1856 1785 1876 1820 ‚
1953 1736 2035 1802 de
2092 1739 2402 1804 Paschae
2445 1739 2602 1803 cele-

549 1856 867 1937 bratione,
929 1859 1063 1916 sive
1119 1853 1200 1915 de
1259 1854 1681 1941 Aequinoctio
1753 1855 2025 1935 vernali,
2082 1859 2289 1942 juxta
2356 1879 2601 1921 Anu-o·

549 1994 720 2038 mnu
741 2020 760 2055 ‚
806 1968 889 2035 ad
913 1966 1344 2034 'menarum
1401 1968 1853 2058 Presbyterum
1906 1972 2144 2058 scripta
2163 2019 2182 2054 ‚
2250 1973 2484 2061 legitur
2526 1973 2599 2037 in

551 2111 759 2154 annu
783 2088 1067 2176 Operum
1103 2085 1277 2151 Edit.
1310 2086 1500 2151 Basil.
1546 2086 1735 2152 Tom.
1759 2087 1844 2152 H.
1875 2110 1944 2175 p.
1990 2086 2319 2176 343-347,
2360 2089 2596 2155 Colon.

548 2231 618 2297 p.
675 2205 988 2271 230-232.
1080 2205 1456 2270 Notavimus
1502 2206 1637 2291 jam
1684 2226 1874 2294 supra
1920 2204 2281 2292 exemplum
2325 2204 2488 2270 illud
2531 2206 2602 2271 in

551 2324 680 2388 fine
745 2323 927 2409 hujus
988 2322 1313 2411 Epistolae
1357 2321 1440 2387 de
1488 2344 1658 2387 auno
1716 2322 1847 2411 776
1891 2322 2164 2412 petitum
2181 2371 2200 2407 ,
2272 2321 2448 2412 quod
2502 2326 2601 2389 in-

552 2438 732 2504 duxit
791 2461 1170 2520 amomum,
1218 2454 1292 2502 ut
1333 2455 1560 2502 {sunm
1609 2437 1693 2502 ad
1749 2444 2010 2503 centum
2056 2455 2121 2504 et
2169 2440 2462 2528 quinque
2490 2463 2604 2504 an·

550 2578 784 2623 norum
855 2569 1132 2620 aetatem
1193 2555 1557 2645 pervenisse
1611 2553 2070 2622 contenderet:
2162 2556 2345 2622 Haec
2386 2556 2601 2623 autem

555 2698 741 2744 causa
792 2674 914 2739 fuit
928 2721 948 2756 ‚
1009 2696 1126 2737 cur
1176 2677 1471 2738 uSsnnms
1519 2689 1724 2738 totam
1773 2674 2127 2761 Epistolam
2163 2696 2370 2739 mmm
2420 2676 2601 2761 abju-

553 2794 821 2861 dicaret.
939 2792 1264 2857 Pnrums
1332 2794 1527 2876 vero',
1594 2799 1663 2855 ἰη
1718 2793 2029 2879 Epistolis
2075 2815 2145 2881 p.
2215 2790 2359 2880 157,
2411 2792 2603 2861 MSS.

551 2908 860 2998 quosdam
917 2910 1090 2971 hunc
1143 2908 1434 2971 libellum
1505 2929 1813 2970 PHILIPPO
1881 2908 2268 2995 Presbytero
2318 2911 2606 2977 tribuere

551 3024 824 3090 monuit.
933 3019 1086 3086 Sine
1134 3019 1335 3085 dubio
1379 3037 1595 3088 tamen
1641 3023 1848 3111 ipsum
1883 3028 2060 3112 ⁴opus
2109 3046 2328 3089 numm
2377 3042 2607 3091 aucto-

550 3165 689 3209 rem
727 3142 955 3224 habet,
1006 3138 1119 3205 sed
1171 3141 1532 3230 exemplum
1563 3142 1800 3207 'seriori
1840 3143 2057 3209 manui
2098 3141 2361 3227 deberi,
2411 3166 2607 3234 supra

643 3375 730 3443 (1)
769 3375 959 3430 Nescio
977 3413 994 3441 ‚
1032 3394 1138 3446 quo
1175 3378 1297 3447 Jure
1339 3376 1428 3429 hic
1456 3378 1572 3447 ipse
1613 3391 1825 3430 unns
1844 3414 1862 3443 ,
1899 3395 2060 3447 quem
2092 3394 2221 3431 anu
2252 3380 2482 3434 Fratrem
2511 3401 2606 3435 re-

758 3460 1007 3531 ligiosum
1035 3472 1182 3513 vocat
1207 3478 1266 3511 ac
1288 3461 1671 3526 doctissimum,
1709 3480 1739 3511 a
1768 3476 1926 3513 cuso
1955 3464 2174 3531 injuriae
2193 3475 2367 3517 auctor
2380 3465 2597 3531 dicatur,

762 3544 803 3596 l.
845 3543 886 3595 1.
927 3563 1046 3614 pag.
1091 3546 1213 3597 615.
1284 3544 1450 3595 Banu
1492 3545 1647 3596 verba
1678 3554 1829 3595 sunt:
1882 3545 2106 3613 «Ipsum
2137 3564 2344 3615 quoque
2376 3563 2604 3600 nmium

761 3628 1095 3695 praet-,eteris
1117 3643 1253 3694 ‘rogo
1274 3662 1290 3689 ,
1328 3638 1406 3690 ut,
1434 3629 1586 3695 juxta
1610 3626 1917 3696 exemplum
1943 3629 2047 3679 sibi
2075 3632 2401 3697 cognominis
2426 3632 2604 3699 pueri.

762 3709 990 3760 furorem
1034 3710 1246 3777 spiritus
1285 3726 1515 3778 nequam
1556 3728 1587 3760 a
1632 3709 1804 3761 Fratre
1834 3709 2124 3780 desipiente
2144 3748 2159 3774 ,
2197 3711 2482 3763 hortatione
2515 3731 2608 3765 sa..

762 3807 948 3842 norum
990 3792 1263 3844 verborum
1282 3829 1299 3857 ‚
1351 3794 1498 3860 quasi
1542 3792 1683 3844 dulci
1726 3794 2041 3863 psalmodiae
2082 3796 2434 3847 modulatione
2455 3834 2469 3860 ‚
2511 3815 2607 3850 se-

761 3874 918 3925 dulus
952 3876 1177 3943 effugare
1206 3874 1499 3926 contendat.
1580 3877 1734 3938 Quod
1756 3882 1941 3945 utique
1970 3883 2026 3930 in
2055 3895 2212 3930 coena
2240 3879 2338 3928 illa
2358 3914 2375 3941 ,
2413 3879 2467 3927 in
2499 3896 2604 3945 qua

763 3977 850 4011 me
887 3960 1070 4029 poculo
1112 3958 1324 4010 debrius
1352 3960 1573 4029 >culpare
1607 3960 1805 4013 studuit
1832 3962 1923 4013 ille
1945 3999 1960 4026 ,
1998 3964 2090 4030 qui
2122 3971 2287 4013 semet
2314 3962 2487 4030 potius
2515 3960 2606 4011 le-

763 4045 925 4095 ctioni
957 4044 1186 4093 intentus
1216 4042 1592 4116 inculpabilem
1621 4045 1786 4096 facere
1817 4044 2066 4098 debuerat
2084 4081 2101 4109 ‚
2133 4046 2381 4111 perficere
2406 4046 2601 4111 nequi-

765 4129 887 4179 bat:
938 4132 1111 4195 utpote
1154 4142 1335 4177 sensus
1373 4134 1423 4179 et
1457 4132 1738 4181 sententiae
1766 4146 1904 4181 meae
1924 4167 1939 4193 ‚
1977 4145 2133 4195 quam
2164 4126 2437 4191 laudabat,
2476 4142 2601 4175 nec-

764 4211 889 4259 dum
922 4216 1178 4263 conscius.
1203 4230 1322 4278 pag.
1348 4212 1452 4263 250
1473 4249 1487 4275 ,
1527 4213 1648 4264 251.
