2922 5195
1540 456 1622 518 42

546 641 656 706 has
724 657 919 707 terras
988 659 1361 716 amanam,
1437 635 1877 702 Normandtae
1944 636 2166 718 Duce,
2263 639 2592 706 ecclesiam

540 763 742 846 ipsam
789 781 840 821 s.
906 777 1101 821 num
1157 755 1548 819 Gir-viensem
1569 801 1588 836 ‚
1640 755 1771 840 ejus
1827 769 1976 818 ante
2028 754 2253 823 oculos
2301 760 2596 845 jussuque

543 872 798 939 ssamma
852 872 1199 938 consumsit
1248 869 1367 958 (1).
1463 870 1882 959 Superstitem
1938 893 2093 936 vero
2150 873 2390 960 antiqui
2450 898 2601 940 coe-

544 993 725 1058 nobii
775 1008 1025 1081 partem
1072 991 1266 1079 longe
1309 1005 1535 1078 postea
1590 989 2027 1054 inhabitarunt
2075 1005 2202 1055 tres
2249 994 2550 1057 monachi
2570 1040 2589 1075 ‚

542 1113 651 1199 qui
721 1131 928 1174 namn
993 1108 1346 1173 oratorium
1417 1106 1765 1172 visentibus
1831 1107 2125 1172 solebant
2191 1126 2548 1175 monstrare
2570 1158 2590 1193 ,

537 1227 886 1314 itidemque
925 1228 1057 1313 ejus
1088 1225 1363 1307 arulam,
1413 1225 1484 1287 in
1519 1247 1645 1311 qua
1678 1223 1891 1289 media
1931 1247 2221 1314 gemmae
2257 1226 2408 1292 loco
2451 1250 2590 1293 cer-

541 1346 812 1411 nebatur
836 1360 1045 1409 crusta
1073 1342 1421 1433 serpentini
1447 1357 1556 1406 aut
1577 1341 1796 1406 viridis
1823 1344 2160 1421 marmoris
2185 1343 2308 1432 (2).
2356 1344 2594 1410 seculo

545 1463 737 1531 etiam
779 1460 1199 1544 duodecimo,
1244 1475 1316 1526 ut
1355 1483 1432 1526 ex
1476 1483 1760 1525 smnonn
1805 1460 2221 1526 Duaelmensz·
2264 1464 2593 1546 novimus,

545 1580 723 1647 locus
774 1576 1226 1644 ostendebatur
1244 1625 1263 1660 ‚
1311 1578 1424 1642 ubi
1476 1600 1739 1665 parvam
1797 1576 1879 1644 de
1934 1578 2149 1666 lapide
2201 1581 2597 1647 mansionem

544 1698 821 1781 habens,
872 1719 1040 1762 nnus
1058 1743 1077 1779 ,
1130 1695 1308 1760 omni
1356 1718 1512 1760 cura
1563 1696 1764 1778 liber,
1810 1694 2070 1779 sedere,
2133 1696 2465 1780 meditari,
2516 1698 2602 1763 le-

545 1838 695 1905 gere
709 1862 729 1898 ,
785 1813 1029 1880 dictare
1078 1829 1144 1878 et
1201 1814 1481 1879 seribere
1541 1831 1957 1883 consueverat
2008 1814 2129 1904 (3).
2224 1815 2595 1882 Oratorium

547 1947 763 2002 autem
808 1929 968 1997 illud
1027 1953 1144 1995 suo
1194 1932 1396 1997 etiam
1463 1947 1753 2020 tempore
1814 1932 2116 1997 exstitisse
2173 1947 2441 1999 testatur
2485 1955 2597 1997 ut-

547 2073 834 2132 umms,
872 2048 1130 2117 ¹humile
1186 2048 1444 2136 quidem
1464 2097 1482 2132 ‚
1531 2063 1603 2113 ut
1637 2049 1759 2130 ait,
1809 2070 2004 2135 opm,
2054 2064 2121 2114 et
2171 2065 2595 2132 cameratum,

548 2184 872 2255 utcunque
916 2182 1131 2233 tamen
1174 2166 1492 2256 integrum
1511 2212 1530 2247 ‚
1578 2165 1649 2231 in
1695 2186 1824 2252 quo
1864 2181 1932 2233 et
1960 2166 2160 2233 altare
2176 2214 2197 2249 ‚
2235 2166 2351 2232 sed
2385 2166 2600 2256 negle-

550 2301 727 2351 ctum
752 2284 874 2373 (4).
969 2285 1052 2349 Et
1083 2307 1240 2351 vero
1278 2284 1348 2347 in
1378 2281 1569 2365 loen,
1617 2283 1728 2349 ubi
1763 2305 1935 2351 nuuc
1967 2285 2252 2353 cernitur
2281 2283 2600 2374 oppidum

549 2405 804 2471 Ian-ow
821 2450 840 2485 ‚
904 2418 971 2468 et
1018 2400 1178 2468 olim
1227 2399 1402 2463 stetit
1440 2400 1846 2469 coenobium·
1885 2403 2249 2483 Gir-nieuw,
2298 2401 2443 2467 fons
2476 2417 2601 2485 est,

548 2538 756 2587 namn
802 2540 1043 2587 nomen
1092 2517 1332 2585 habens
1351 2563 1374 2599 ,
1437 2517 1578 2600 cui,
1638 2533 1709 2581 ut
1753 2519 1889 2603 jam
1944 2516 2214 2585 diximus
2233 2565 2252 2602 ‚
2302 2542 2599 2609 magnam

549 2638 812 2706 sanandi
853 2640 983 2706 vim
1028 2635 1470 2706 adtribuerunt
1495 2636 1835 2718 homines,
1882 2651 1947 2701 et
1971 2635 2070 2704 ad
2101 2658 2292 2723 quem
2329 2653 2601 2723 quotan-

550 2759 647 2822 nis
679 2777 912 2845 magno
955 2776 1228 2820 numero
1274 2752 1717 2822 confluxerunt
1762 2754 2059 2837 accolae,
2087 2753 2359 2844 gaudiis
2405 2753 2604 2821 ludis-

557 2897 681 2961 que
728 2871 1127 2959 indulgentes
1171 2869 1290 2958 (5).
1330 2927 1335 2934 ,
1383 2873 1467 2938 Et
1501 2871 1588 2936 ,in
1631 2872 1769 2959 ipsa
1807 2873 1998 2957 hujus
2049 2870 2277 2960 oppidi
2331 2871 2605 2972 ecclesia

557 2992 767 3078 reperi
827 2988 1047 3052 sellam
1101 2986 1418 3074 quandam
1474 2988 1711 3053 servari
1773 3003 1839 3054 et
1888 2990 2257 3078 rogantibus
2313 2989 2600 3071 ostendi,

557 3129 747 3194 quae,
784 3104 958 3193 quod
995 3128 1163 3170 nnus
1204 3106 1263 3170 ei
1296 3106 1453 3171 olim
1490 3104 1790 3171 insedisse
1835 3104 2115 3171 creditur
2134 3154 2154 3189 ,
2201 3129 2441 3173 nomen
2475 3111 2604 3195 ejus

647 3432 731 3501 (1)
772 3433 813 3483 Ε
860 3430 1089 3493 Prologo
1133 3433 1182 3479 et
1210 3428 1461 3479 Historia
1499 3439 1713 3478 stonum
1734 3460 1751 3487 ‚
1797 3425 2027 3476 thesaur.
2058 3425 2448 3478 Beverlacensis
2487 3428 2605 3479 eccl.

770 3517 828 3566 in
871 3528 981 3565 ιιι..
1030 3514 1234 3564 Colleci.
1281 3510 1400 3564 Vol.
1441 3510 1511 3562 11.
1551 3525 1672 3578 pag.
1715 3508 1838 3561 229.
1870 3509 2379 3562 sut1n.Malmesb.
2410 3510 2527 3562 Lib.
2555 3510 2599 3562 1.

647 3681 737 3747 (2)
767 3596 1105 3730 &pilii-’ciuica
1131 3679 1315 3728 incerti
1338 3676 1571 3726 auctoris
1586 3672 1671 3725 W
1666 3672 2004 3726 laubiensisin
2019 3687 2130 3726 tn..
2154 3674 2358 3726 collect.
2375 3673 2494 3725 vol.
2510 3675 2608 3727 111.

773 3760 925 3811 Tom.
955 3759 1048 3810 IV.
1078 3777 1197 3827 pag.
1228 3759 1314 3810 42.

653 3845 739 3912 (3)
781 3842 904 3893 vid.
929 3855 1109 3894 sinon
1142 3842 1294 3892 Dun.
1323 3840 1361 3890 l.
1393 3839 1432 3891 l.
1460 3839 1582 3890 Lib.
1608 3839 1650 3890 1.
1677 3856 1788 3907 cap.
1805 3841 1891 3891 14.
1942 3840 2158 3908 Scripsit
2174 3850 2346 3891 autem
2358 3840 2475 3892 Sec.
2493 3841 2611 3894 XII.

773 3927 962 3992 Antiq.
1005 3927 1070 3991 of
1103 3925 1351 3974 Durham
1389 3923 1573 3990 Abbey
1604 3938 1724 3989 pag.
1754 3922 1877 3974 109.
1925 3922 2098 3974 Basso
2141 3922 2244 3975 lib.
2271 3924 2360 3975 eit.
2393 3923 2512 3974 vol.
2537 3924 2607 3975 11.

928 4011 955 4039 Γ

655 4093 739 4158 (4)
773 4009 1012 4143 {12:³0
1039 4091 1315 4141 Commeat.
1349 4090 1410 4140 de
1436 4091 1583 4141 Brit.
1622 4089 1816 4154 Script.
1848 4106 1961 4157 cap.
1991 4088 2077 4140 87.
2107 4105 2224 4155 pag.
2255 4088 2375 4140 118.

659 4174 743 4240 (5)
784 4175 906 4227 vid.
935 4175 997 4224 ad
1029 4192 1144 4240 pag.
1177 4175 1226 4224 8.
1260 4184 1368 4225 not.
1399 4175 1449 4223 2.
