2922 5195
1184 515 1209 528 -
1568 465 1606 527 6

570 655 828 735 juvante
902 660 1219 732 terrasque
1300 646 1605 734 largiente
1675 647 1814 734 ipso
1875 669 2202 731 nemuno,
2275 657 2626 716 construxit

576 765 1029 830 monasterium
1077 788 1129 829 S.
1185 786 1378 827 PETRI
1428 787 1631 852 prope
1682 765 1917 829 ostium
1973 765 2250 831 fluminis
2300 772 2397 834 W
2392 776 2475 833 iri
2518 790 2631 834 seu

578 886 674 948 W
670 892 806 946 irae
826 930 849 963 ,
919 882 988 946 in
1062 882 1203 969 ripa
1267 882 1800 970 septentrionali,
1883 881 2035 948 inde
2110 887 2207 949 W
2203 886 2626 959 iremutlzense

575 1001 701 1089 (W
696 1000 1040 1089 eremouth)
1082 999 1358 1083 dictum,
1409 1024 1578 1065 anno
1620 1001 1774 1089 674.
1872 1001 2040 1066 Octo
2088 1004 2268 1068 annis
2312 1019 2460 1091 post
2483 1003 2622 1091 (ι),

780 1282 934 1333 didit.
1029 1282 1346 1332 anmcrus
1386 1279 1475 1331 hic
1521 1293 1749 1331 msceres
1788 1292 1945 1330 oswio
1986 1282 2097 1348 regi
2141 1281 2309 1331 fuerat
2351 1283 2627 1347 minister,

783 1365 994 1434 qualem
1039 1366 1274 1416 Saxones
1312 1363 1554 1414 Thanum
1587 1362 1772 1429 (thegn
1799 1373 1851 1413 et
1878 1366 2165 1431 cynninges
2193 1365 2409 1429 thegnas
2428 1401 2445 1428 ,
2482 1364 2634 1422 thani

785 1451 987 1518 regii),
1041 1450 1348 1499 Normanni
1391 1448 1644 1497 Baronem
1691 1456 1903 1512 vocant3
1953 1446 2148 1497 deinde
2206 1464 2328 1499 vero
2386 1447 2636 1499 militiam

780 1543 833 1582 et
872 1549 1048 1583 rerum
1086 1530 1322 1582 civilium
1367 1528 1537 1580 studia
1566 1527 1909 1597 relinquens,
1962 1544 2147 1579 omnes
2177 1529 2315 1579 vires
2344 1530 2477 1580 vitae
2509 1546 2639 1579 mo-

784 1617 1008 1668 nasticae
1040 1613 1402 1684 provehendae
1435 1612 1715 1681 impendit.
1774 1613 1942 1663 Banu
1974 1614 2123 1663 Hist.
2153 1614 2424 1663 Abbatum
2448 1614 2527 1664 W
2527 1618 2637 1665 ire-

781 1699 1132 1749 mutinensium
1186 1702 1235 1747 et
1285 1698 1699 1761 Girwiensium,
1752 1696 1997 1747 editionis
2042 1714 2070 1745 a
2112 1712 2157 1748 J.
2218 1712 2427 1749 vuum
2474 1696 2634 1748 Dubl.

780 1784 952 1842 1664,
1008 1797 1141 1848 quae
1179 1783 1398 1848 repetita
1428 1791 1506 1831 est
1532 1780 1597 1829 ab
1631 1796 1683 1830 ιι.
1715 1795 2016 1846 νιιωφοιο.
2046 1778 2213 1830 Lond.
2242 1781 2398 1832 1693.
2437 1781 2554 1831 Lib.
2590 1781 2634 1832 1.

777 1879 898 1933 pag.
936 1864 1058 1914 222.
1393 1883 1398 1888 ·
2289 1873 2290 1876 ’

651 1950 735 2018 (1)
777 1948 930 2000 Recte
957 1947 1056 1999 hoc
1082 1958 1298 1999 statuere
1329 1946 1483 1997 nobis
1509 1945 1751 1996 videmur
1768 1979 1786 2009 ‚
1824 1946 2062 2013 quamvis
2085 1944 2177 1995 alii
2207 1945 2375 1995 aliter.
2444 1945 2631 1996 Nimi-

789 2047 907 2079 rum
937 2040 1098 2081 exstat
1126 2041 1273 2082 vetus
1298 2031 1568 2098 inscriptio
1586 2067 1602 2094 ‚
1640 2030 1825 2098 parieti
1854 2028 2102 2081 ecclesiae
2134 2031 2426 2079 Girvicnsis
2455 2046 2635 2098 quon-

777 2116 896 2165 dam
925 2114 1180 2183 insculpta
1201 2150 1217 2179 ,
1255 2114 1396 2164 hunc
1424 2116 1482 2164 in
1508 2114 1757 2165 modum:

1303 2247 1578 2285 menterno
1618 2248 1885 2285 insumat

1240 2334 1282 2369 S·
1319 2331 1468 2367 mum
1506 2331 1612 2367 7111
1652 2332 1769 2367 ltu..
1839 2332 1958 2368 nul

1274 2414 1405 2450 Anto
1442 2414 1506 2447 XV
1544 2414 1753 2449 nerium
1792 2415 1941 2450 13ssst

1204 2497 1475 2533 cnonntm
1514 2497 1631 2531 ABR.
1664 2469 1982 2547 ‚Esusntmouss

1261 2580 1537 2616 tecm-:sun
1576 2579 1669 2616 nto
1705 2579 1930 2617 Auaron

1317 2662 1618 2700 counimus
1652 2664 1784 2702 Anno
1822 2665 1899 2700 lv.

791 2778 930 2845 Quae
955 2775 1110 2827 verba
1136 2791 1257 2837 cum
1287 2773 1521 2825 indicent
1545 2792 1741 2824 annum
1770 2775 2016 2829 ecclesiae
2046 2778 2308 2833 dedicatae
2332 2816 2348 2844 ,
2380 2799 2486 2832 non
2514 2800 2636 2836 vero

795 2858 1093 2909 monasterii
1124 2859 1318 2908 conditi
1346 2895 1364 2919 ,
1394 2860 1515 2908 satis
1541 2868 1781 2926 apparet,
1814 2861 1954 2910 unde
1970 2860 2199 2931 Scriptor
2213 2863 2269 2914 in
2285 2867 2476 2930 Biogr.
2491 2869 2640 2920 Brit.

796 2939 914 3006 (Dr.
944 2955 1204 2991 cneum.
1227 2976 1243 3004 ,
1284 2942 1339 2989 ni
1369 2941 1544 3010 fallor)
1576 2940 2134 2996 hisce.confundeudis
2155 2983 2170 3008 ,
2203 2949 2260 2996 iu
2290 2964 2514 3000 errorem
2543 2953 2637 3001 in-

791 3024 912 3074 duci
940 3040 994 3074 se
1029 3039 1208 3091 passus
1236 3024 1319 3074 sit.
1374 3022 1553 3075 Cous.
1595 3041 1804 3092 quoque
1846 3041 2001 3077 smrn
2032 3045 2087 3095 p.
2114 3027 2217 3078 269
2249 3029 2306 3077 iu
2337 3041 2445 3082 not.
2513 3031 2635 3100 Ipso

793 3119 968 3158 autem
1011 3124 1138 3158 num
1178 3119 1379 3160 auctore
1421 3109 1481 3158 in
1523 3109 1671 3159 Hist.
1715 3110 1775 3160 de
1808 3111 1865 3160 V
1862 3113 1919 3160 it.
1952 3112 2091 3161 Abb.
2122 3111 2159 3163 l.
2185 3111 2225 3162 1.
2254 3112 2389 3164 hanc
2417 3115 2639 3168 facimus

788 3193 1246 3260 computationem.
1319 3191 1467 3242 Prius
1508 3195 1881 3243 monasterium
1923 3210 1964 3245 8.
1994 3210 2143 3245 runt
2173 3207 2517 3248 constructum
2560 3185 2637 3250 est

795 3292 933 3326 anno
973 3275 1111 3338 674,
1149 3290 1357 3325 tarnim
1400 3277 1542 3343 regis
1583 3287 1797 3342 quarto,
1845 3296 1898 3346 p.
1939 3277 2044 3328 224
2079 3278 2218 3330 Edit.
2248 3293 2487 3346 wninr.;
2523 3292 2638 3333 octo

795 3374 961 3408 annos
991 3355 1131 3407 solus
1159 3356 1292 3406 illud
1322 3357 1458 3408 rexit
1486 3371 1827 3421 Βκιιιυιοτυε,
1860 3376 2025 3426 usque
2055 3358 2213 3423 dum,
2244 3360 2453 3412 condito
2480 3364 2642 3414 altero

795 3439 1112 3491 monasterio
1150 3457 1192 3490 s.
1223 3456 1370 3491 mum
1394 3476 1411 3504 ‚
1457 3441 1524 3492 A.
1564 3440 1701 3504 682,
1748 3440 1871 3492 huic
1905 3458 2225 3496 cnonmnun
2246 3482 2262 3507 ,
2302 3445 2384 3495 illi
2416 3461 2638 3497 nsun-

795 3540 976 3575 wnwu
1015 3523 1354 3593 praeficeret,
1400 3534 1680 3592 utrumque
1712 3526 1971 3577 Abbatem
2000 3529 2319 3578 constituens
2361 3528 2463 3577 sibi
2505 3529 2639 3578 sub-

796 3609 1012 3660 missum
1034 3644 1051 3671 ,
1088 3626 1145 3676 p.
1172 3609 1296 3659 227.
1381 3607 1520 3659 Cum
1549 3623 1871 3660 nsrsnwuo
1899 3611 2130 3677 primum
2159 3620 2413 3677 quatuor,
2441 3611 2637 3665 dehinc

795 3709 917 3741 cum
958 3706 1191 3741 sici-nino
1240 3700 1374 3753 tres,
1431 3690 1662 3757 denique
1716 3706 1837 3740 cum
1891 3705 2169 3742 cnon-mne
2226 3709 2393 3743 unum
2439 3711 2664 3745 annum.

797 3773 1016 3824 Abbatis
1040 3774 1211 3824 officio
1239 3773 1444 3824 functus
1473 3781 1807 3841 mortuusque
1840 3782 1918 3823 est
1948 3772 2014 3825 A.
2041 3773 2144 3825 690
2163 3809 2179 3837 ,
2226 3774 2454 3826 sedecim
2488 3779 2641 3829 aunis

795 3869 1067 3927 postquam
1106 3859 1479 3909 monasterium
1521 3872 1562 3906 s.
1594 3871 1742 3906 runt
1795 3856 2131 3920 fundaverat,
2167 3875 2223 3925 p.
2252 3859 2380 3911 233.
2465 3859 2668 3913 Onon-⁷

799 3958 978 3994 nunus
1025 3953 1233 4006 autem,
1273 3952 1549 4012 postquam
1594 3951 1794 4010 septem
1838 3959 2002 3993 annos
2049 3944 2363 3994 monasterio
2402 3960 2445 3996 s·
2479 3959 2636 3996 ‘mun

798 4028 1119 4096 praefuerat,
1169 4028 1225 4079 id
1269 4038 1380 4092 est,
1429 4042 1595 4096 usque
1638 4026 1702 4076 ad
1745 4026 1811 4077 Δ.
1840 4027 1943 4078 689
1965 4061 1982 4090 ,
2034 4025 2302 4093 utriusque
2339 4016 2636 4079 monasterii

793 4111 968 4164 Abbas
994 4123 1192 4164 creatus
1217 4121 1318 4177 est;
1347 4130 1505 4179 quam
1531 4111 1839 4180 dignitatem
1869 4111 2037 4162 tenuit
2062 4128 2227 4163 annos
2251 4112 2634 4180 duodetriginta

783 4213 837 4261 p.
865 4196 987 4249 234.
1060 4197 1196 4250 Cum
1239 4197 1324 4249 his
1368 4195 1613 4248 omnibus
1652 4195 1771 4248 vide
1795 4233 1811 4260 ‚
1857 4210 2016 4265 quam
2061 4197 2273 4266 egregie
2298 4204 2585 4264 congruant
2608 4231 2624 4260 ‚
