2922 5195
1318 492 1402 553 83

323 673 491 739 liber
537 689 632 737 est
663 697 698 736 a
732 695 914 736 ΜΛΝ.
963 694 1266 752 STEVENS,
1320 692 1489 733 anno
1531 669 1718 756 1723.
1778 669 2057 734 Tertiam
2094 668 2366 757 denique

322 793 912 881 interpretationem
960 789 1323 877 composuit
1381 811 1537 853 cm..
1590 810 1801 851 nuns'r
1820 834 1839 870 ,
1889 786 2097 854 Lond.
2153 787 2319 867 1814
2343 836 2363 872 ,

322 909 553 975 eodem
595 910 772 991 fere,
825 932 899 973 ac
945 926 1452 989 s‘rArLEroMUS,
1505 907 1775 971 consilio
1815 904 1935 993 (1).

413 1027 591 1116 Opus
634 1026 1004 1095 dedicatum
1047 1041 1144 1091 est
1175 1047 1565 1090 cnonunrno
1592 1025 1785 1114 Regi,
1832 1040 1899 1088 et
1936 1046 2014 1088 ex
2051 1023 2370 1111 Epistola,

321 1143 404 1210 ad
428 1146 612 1210 illum
638 1144 909 1232 scripta,
949 1167 1139 1230 quam
1165 1142 1484 1208 Historiae
1515 1166 1662 1207 suae
1705 1164 1872 1209 Bam,
1892 1140 2244 1230 praemisit,
2279 1141 2370 1205 in-

321 1263 664 1351 telligitur,
735 1263 1113 1349 quibusnam
1188 1262 1595 1351 potissimum
1651 1261 2018 1324 auctoribus
2072 1274 2138 1324 et
2184 1258 2375 1323 fonti-

319 1381 437 1444 bus
503 1403 649 1444 usus
717 1381 820 1446 sit.
917 1383 1165 1445 Auctor
1227 1396 1374 1444 ante
1445 1398 1669 1451 omnes
1737 1392 1925 1464 atque
1994 1374 2249 1461 adjutor
2313 1375 2392 1439 ei'

317 1496 558 1583 exstitit
589 1519 889 1562 ‘ALBINUS
936 1498 1152 1563 Abbas
1178 1545 1196 1580 ,
1246 1496 1442 1586 ipsius
1498 1518 1834 1563 ‘runonom
1885 1494 2375 1582 Archiepiscopi

324 1629 391 1681 et
447 1636 723 1679 Annum
771 1616 1041 1683 Abbatis
1094 1615 1465 1705 discipuluS.
1563 1614 1856 1694 Quorum
1906 1635 2006 1678 res
2052 1627 2253 1703 gestas
2306 1613 2374 1679 in

326 1731 598 1797 ecclesia
665 1733 1156 1803 cantuariorum
1220 1748 1287 1796 et
1343 1731 1626 1797 finitimis
1680 1732 2046 1821 regionibus
2102 1751 2378 1809 sumnus

327 1873 477 1921 cum
533 1873 703 1915 mins
763 1852 1259 1925 communicavit
1282 1900 1302 1934 ,
1356 1853 1548 1923 misso
1613 1849 1697 1917 ad
1762 1874 1909 1923 eum
1963 1872 2325 1916 normanno
2348 1894 2369 1931 ,

324 1969 634 2035 ecclesiae
684 1970 1113 2045 Londinensis
1169 1969 1577 2058 Presbytero.
1690 1970 2102 2032 No'rmzmms
2149 1983 2376 2057 postea

321 2089 591 2157 Romam
625 2088 953 2174 profectus
980 2089 1222 2156 Literas
1263 2087 1569 2173 quasdam
1614 2104 1935 2156 eunoun
1976 2087 2375 2172 aliorumque

324 2202 716 2269 Pontificum
738 2251 757 2286 ,
832 2227 987 2291 quas
1042 2203 1112 2268 in
1162 2203 1565 2270 Bibliotheca
1621 2206 1941 2271 Vaticana
2005 2204 2370 2285 invenerat,

326 2319 597 2386 domum
647 2313 947 2386 ¹reversus
997 2343 1206 2387 aunan
1255 2322 1441 2410 operi
1500 2344 1615 2385 suo
1637 2316 1642 2321 ’
1664 2318 2029 2385 inserendas
2085 2317 2370 2387 tradidit.

327 2438 609 2504 Primam
642 2439 834 2528 igitur
865 2439 1186 2507 Historiae
1224 2462 1374 2506 suae
1406 2455 1688 2530 partem,
1725 2461 1887 2528 quae
1923 2414 2373 2527 complectitur

324 2573 619 2647 tempora
669 2575 816 2625 ante
862 2575 1189 2652 receptam
1238 2561 1308 2624 in
1354 2561 1601 2650 Anglia
1649 2559 2028 2650 religionem
2065 2557 2375 2628 Christia-

321 2700 473 2741 nam
488 2723 517 2759 ,⁷
557 2695 636 2741 ex
674 2678 1137 2761 antiquioribus
1174 2680 1517 2765 praecipue
1552 2677 1987 2762 scriptoribus
2019 2673 2370 2760 congessit,

263 2783 267 2788 ⁵
327 2792 753 2880 posteriorem
769 2811 940 2872 ‚vero
984 2814 1064 2853 ex
1094 2790 1439 2860 traditione
1484 2807 1549 2858 et
1588 2791 1946 2877 aequalium
1960 2836 1979 2870 ,
2013 2790 2121 2876 qui
2154 2789 2376 2856 Eccle-

329 2907 460 2971 siae
513 2906 824 2996 praefecti
879 2923 1060 2974 erant
1076 2954 1095 2989 ,
1161 2906 1638 2976 narrationibus
1688 2923 1753 2973 et
1798 2907 2174 2973 testimoniis
2227 2929 2377 2976 con·

325 3026 550 3092 texuit.
646 3026 964 3090 Laborem
1028 3049 1198 3090 anno
1252 3025 1334 3112 73
1351 3050 1376 3089 1
1430 3027 1792 3098 absolutum
1817 3075 1836 3109 ,
1914 3021 2148 3091 deinde
2215 3046 2372 3090 vero
2469 3047 2472 3052 ’

322 3140 405 3207 ad
464 3143 712 3210 calcem
762 3144 975 3232 operis
1047 3145 1393 3232 Epitomen
1458 3142 1781 3231 quandam
1842 3143 2370 3230 chronologicam

325 3256 641 3345 adjectam
663 3308 682 3344 ,
732 3284 855 3326 nec
913 3277 1127 3328 tamen
1178 3263 1260 3326 ab
1318 3263 1460 3351 ipso
1517 3284 1685 3327 anna
1734 3261 1901 3326 ultra
1956 3283 2193 3325 annum
2241 3258 2372 3348 734

325 3377 707 3465 productam
733 3426 750 3461 ‚
802 3378 916 3442 sed
957 3381 1301 3443 recentiori
1346 3404 1541 3443 manu
1584 3379 1667 3443 ad
1707 3403 1955 3450 ,annum
1994 3402 2195 3465 usque
2238 3378 2371 3466 766

325 3496 762 3561 continuatam
792 3519 795 3524 ⁴
821 3498 990 3577 esSe,
1058 3518 1244 3583 supra
1293 3498 1425 3581 jam
1484 3495 1784 3578 diximuS,
1845 3511 1909 3561 et
1972 3519 2051 3559 ex
2114 3496 2371 3584 optimis

960 3677 1029 3692 ‘a‘

413 3796 496 3863 (1)
537 3796 661 3848 vid.
691 3796 858 3846 Praef.
897 3795 1062 3847 «This
1093 3798 1400 3864 interesting
1427 3796 1531 3847 and
1561 3796 1797 3866 edifying
1813 3775 2015 3865 History
2043 3796 2101 3849 of
2125 3796 2212 3847 the
2232 3814 2368 3847 oon-

458 3937 463 3938 ⁷
534 3880 740 3938 version
768 3879 945 3940 ofour
972 3896 1092 3944 own
1119 3889 1333 3948 country
1360 3890 1410 3930 to
1437 3878 1778 3949 Christianity
1805 3878 1904 3950 lies
1932 3878 2208 3931 concealed
2233 3878 2366 3927 from

535 3960 622 4011 the
652 3960 963 4028 knowledge
993 3964 1050 4013 of
1076 3952 1209 4013 most
1237 3962 1457 4031 people,
1496 3964 1647 4032 who²
1685 3964 1942 4018 therefore
1960 3997 1977 4028 ‚
2016 3979 2100 4012 are
2130 3962 2370 4028 ignorant

536 4044 594 4095 of
629 4043 718 4095 the
763 4056 874 4097 true
905 4054 1082 4108 nature
1113 4047 1170 4110 of
1197 4044 1306 4095 that
1334 4046 1561 4113 religion
1581 4083 1597 4111 ,
1635 4047 1808 4112 which
1839 4065 1932 4099 our
1959 4054 2215 4095 ancestors
2242 4062 2372 4113 pro-

538 4130 708 4180 fessed
729 4166 746 4195 ,
796 4130 898 4180 and
931 4132 1158 4198 imagine
1192 4131 1299 4181 that
1330 4132 1375 4193 it]
1396 4147 1501 4190 was
1532 4130 1618 4192 the
1649 4148 1826 4195 same,
1851 4132 1924 4202 iin
1949 4144 2106 4197 every
2134 4139 2369 4197 respect,

538 4231 591 4264 as
620 4212 727 4265 that
759 4214 934 4266 which
964 4214 1058 4264 has
1094 4215 1229 4268 been
1262 4205 1788 4282 introducedndurinlg'
1817 4212 1903 4284 the
1934 4213 2029 4266 last
2057 4214 2377 4265 centuries.»

1947 4312 2038 4378 6.
