2922 5195
1305 452 1382 514 61

417 626 499 692 In
542 649 756 692 aznsu
802 641 866 691 et
910 639 1243 712 usinum,
1294 629 1443 693 libri
1486 631 1615 697 III.

421 747 722 810 Continet
756 747 915 810 haec
949 747 1291 834 Expositio
1333 747 1534 813 libros
1566 746 1727 812 duos
1762 749 1830 813 in
1868 772 2081 816 azam
2104 800 2124 835 ,
2172 773 2373 819 unum

334 863 400 927 in
440 868 833 946 mmmmm,
886 866 995 951 qui
1035 880 1101 927 et
1148 887 1309 928 ΒΖΜ
1365 865 1677 930 secundus
1731 865 2008 950 dicitur,
2059 875 2124 933 e’t
2178 885 2379 936 exstat

328 981 392 1042 in
442 979 615 1046 Edit.
655 982 844 1045 Basil.
899 981 1087 1046 Tom.
1126 980 1238 1046 IV.
1278 1007 1348 1071 p.
1385 981 1704 1065 462-588,
1755 985 1987 1050 Colon.
2023 985 2215 1052 Tom.
2254 987 2370 1055 IV.

325 1120 392 1185 p.
433 1098 749 1187 348-477.
844 1099 1046 1184 Hujus
1097 1099 1343 1187 operiS,
1393 1099 1478 1163 ad
1508 1121 1724 1165 Accam
1762 1102 2131 1166 Antistitem
2165 1125 2373 1190 eoque

327 1215 626 1280 hortante
680 1217 933 1305 scripti,
996 1217 1393 1281 mentionem
1433 1217 1590 1280 facit
1645 1240 1814 1281 mun
1856 1218 1925 1281 in
1966 1218 2372 1285 Praefatione

327 1329 413 1395 ad
429 1333 840 1398 Hexameron
865 1331 986 1422 (1).
1080 1334 1223 1398 Jam
1256 1333 1798 1421 quemadmodum
1835 1335 1904 1399 in
1932 1336 2159 1400 ceteris
2180 1335 2266 1400 V.
2293 1335 2373 1403 Τ.

328 1449 847 1538 Expositionibus
862 1497 881 1533 ,
908 1451 999 1515 sic
1028 1452 1187 1515 etin
1210 1452 1331 1516 hac
1347 1498 1366 1534 ,
1394 1474 1581 1516 sensu
1603 1452 2021 1541 grammatico
2040 1453 2336 1542 neglecto
2353 1500 2375 1536 ‚

333 1566 517 1631 altius
562 1565 715 1654 quid
749 1583 813 1631 et
851 1566 1098 1656 dignius
1143 1568 1263 1633 sibi
1298 1569 1583 1657 reperire
1634 1567 1885 1635 videtur
1911 1568 2028 1657 (α).
2123 1570 2377 1634 Humo-

328 1707 498 1749 nm
546 1699 758 1749 autem
812 1685 1358 1773 Explanatz‘onem
1408 1685 1872 1772 Prophetarum
1921 1687 2202 1751 maximo
2257 1686 2379 1752 sibi

327 1800 700 1886 adjumento
744 1802 935 1865 fuisse
980 1817 1271 1870 testatur.

409 1918 491 1981 In
543 1918 872 1983 Canticum
917 1941 1257 2002 numne,
1308 1919 1472 1984 liber
1514 1943 1698 1985 unus.

417 2035 544 2100 Hic
598 2035 762 2099 liber
818 2035 1221 2101 Editionibus
1279 2035 1566 2125 Operum
1620 2058 1830 2101 nanus
1885 2056 2019 2101 non
2065 2034 2335 2102 insertus
2348 2082 2369 2121 ,

327 2151 441 2219 sed
483 2175 611 2217 una
669 2175 815 2217 cum
862 2153 1344 2219 Commentario
1390 2156 1525 2239 ejus
1572 2156 1642 2219 in
1689 2154 1966 2218 Genesin
2011 2176 2090 2217 ex
2120 2152 2377 2218 duobus

329 2270 518 2336 MSS.
557 2271 995 2336 Bibliothecae
1025 2270 1504 2336 Lambetlzanae
1518 2318 1537 2352 ‚
1585 2268 1938 2358 iisdemque
1977 2270 2114 2336 sine
2146 2269 2345 2339 dubio
2358 2319 2379 2355 ‚

331 2410 492 2475 quae
521 2403 838 2453 memorat
868 2409 1105 2453 eunus
1149 2386 1282 2476 (3),
1324 2388 1485 2474 juris
1528 2387 1772 2476 publici
1816 2386 2022 2452 factus
2052 2402 2147 2453 est
2180 2388 2263 2453 ab
2296 2410 2371 2454 ιι.

323 2527 695 2572 wmarouo
736 2506 784 2570 1.
820 2506 868 2572 l.
916 2527 1067 2595 pag.
1124 2525 1282 2590 191,
1318 2527 1497 2592 seqq.
1590 2504 1732 2569 Jam
1774 2521 1961 2571 antea
2005 2518 2223 2573 tamen
2261 2503 2373 2570 ille

322 2624 680 2713 fragmenta
713 2620 1024 2710 quaedam
1057 2621 1323 2688 dederat
1363 2623 1433 2685 in
1461 2624 1771 2686 Auctario
1799 2622 1892 2684 ad
1911 2643 2161 2684 ussnan
2197 2622 2371 2687 Hist.

329 2741 563 2826 Dogm.
614 2762 686 2828 p.
726 2736 856 2802 356
871 2784 891 2820 ‚
938 2757 1118 2822 seqq.
1215 2734 1447 2798 Totam
1478 2757 1634 2799 vero
1670 2735 2089 2826 scriptionem
2120 2736 2381 2823 repetiit

323 2879 487 2921 anu.
548 2877 854 2920 marma
906 2853 954 2918 l.
1010 2875 1073 2918 c.
1116 2850 1306 2917 Tom.
1340 2849 1427 2920 .V.
1478 2873 1547 2939 p.
1599 2849 1752 2938 295.
1847 2852 1995 2916 Hoc
2045 2867 2259 2925 autem
2305 2852 2377 2917 in

322 2972 490 3038 libro
507 3021 525 3056 ‚
571 2972 683 3061 qui
730 2969 1178 3035 dilectissimae
1212 2969 1279 3032 in
1316 2991 1593 3034 cnmsro
1624 2971 1834 3034 sorori
1868 2968 2198 3035 dedicatus
2234 2985 2332 3035 est
2348 3018 2368 3054 ‚

327 3111 496 3154 nana
545 3089 795 3169 omnia,
853 3109 1016 3174 quae
1068 3084 1406 3158 Canticum
1457 3086 1623 3148 vatis
1658 3083 1858 3148 divini
1901 3086 2227 3167 continet,
2288 3084 2374 3151 ad

327 3230 587 3272 cnmsn
630 3204 970 3271 adventum
997 3205 1168 3270 hanc
1202 3202 1269 3266 in
1307 3217 1545 3268 terram
1563 3250 1583 3285 ,
1627 3217 1905 3268 mortem
1921 3248 1940 3284 ,
1989 3199 2266 3267 reditum
2306 3201 2376 3266 in

330 3324 528 3388 vitam
547 3369 567 3404 ,
618 3337 684 3387 et
717 3321 960 3385 abitum
1000 3322 1071 3384 in
1110 3318 1329 3383 coelos
1361 3319 1582 3384 refert.
1675 3319 1816 3383 Nec
1856 3318 2219 3383 mirandum
2256 3318 2375 3408 igi-

324 3455 461 3523 tur,
511 3462 658 3504 eum
695 3435 961 3504 laudare
1000 3433 1353 3501 Ecclesiam
1383 3434 1776 3516 Romanam,
1827 3431 2003 3521 quod
2032 3433 2370 3499 Canticum

414 3813 499 3884 (1)
537 3814 693 3884 Oper.
723 3814 874 3867 Tom.
902 3815 999 3867 lv.
1029 3833 1149 3885 pag.
1174 3818 1229 3868 1.

417 3898 504 3968 (2)
543 3916 572 3946 α
589 3897 816 3950 Confido
842 3915 962 3950 vero
989 3899 1223 3969 adjutore
1253 3915 1310 3950 ac
1337 3898 1583 3951 salvatore
1613 3909 1809 3963 nostre,
1846 3896 1899 3952 J.
1929 3896 2019 3960 C.‚
2056 3898 2181 3965 quia
2209 3896 2369 3950 donet

540 3980 693 4032 nobis
734 3982 988 4051 propitius
1006 4019 1023 4047 ,
1075 3992 1267 4033 retecto
1306 3983 1494 4032 cortice
1523 3980 1701 4031 literae
1724 4016 1741 4042 ,
1778 3978 1931 4030 altius
1960 3977 2089 4045 quid
2119 3988 2172 4029 et
2196 3995 2369 4031 sacra-

534 4063 634 4113 tius
676 4064 731 4113 in
768 4064 998 4116 medulla
1028 4083 1207 4117 sensus
1238 4064 1485 4134 spiritalis
1516 4064 1770 4116 invenire.
1792 4081 1823 4111 »
1894 4061 2060 4113 Praef.
2090 4062 2148 4113 in
2175 4061 2294 4115 Lib.
2324 4062 2368 4115 1.

414 4147 499 4213 (3)
541 4147 603 4199 L.
637 4149 724 4199 cit.
752 4165 872 4217 pag.
903 4150 1025 4201 615.
