2922 5195
1288 500 1369 563 93

311 677 439 766 705
494 677 664 742 diem
699 679 959 760 obiisse,
1009 701 1086 741 cx
1122 680 1547 767 ipsiusnnnAn
1594 679 1874 744 Historia
1921 684 2212 747 novimus
2239 683 2357 772 (ι).

307 798 704 885 Conscripsit
751 798 863 860 has
910 797 1151 860 Literas
1197 820 1364 861 namt
1383 845 1401 880 ,
1454 796 1630 884 quod
1686 821 2013 863 ncnnn'rns
2071 818 2362 888 optatum

313 916 432 979 sibi
489 938 622 980 esse
671 915 1166 1004 significaverat,
1231 931 1304 978 ut
1362 916 1472 980 ille
1487 964 1505 998 ,
1568 918 1676 1003 qui
1731 917 2141 1005 praecedenti
2191 942 2360 983 anno

308 1034 554 1120 aliquot
599 1032 734 1098 dies
783 1056 930 1097 cum
979 1034 1188 1097 amico
1233 1031 1504 1124 degisset
1523 1080 1543 1116 ,
1593 1058 1763 1098 nunc
1808 1059 2062 1124 quoque
2108 1035 2361 1126 legendi

308 1153 510 1240 gratia
572 1148 964 1238 aliquamdiu
1028 1173 1245 1215 secum
1305 1149 1769 1219 demoraretur.
1866 1154 1985 1217 Cui
2040 1152 2359 1219 desiderio

315 1270 651 1356 quominus
707 1269 1095 1334 satisfaceret
1118 1317 1136 1351 ,
1203 1266 1540 1358 impedivit
1595 1269 1895 1334 valetudo
1953 1275 2121 1356 ejus3
2190 1273 2363 1336 misit

311 1403 528 1452 tamen
564 1389 831 1454 LiteraS.
931 1386 1114 1468 Quae
1159 1410 1353 1475 quum
1385 1386 1695 1451 nonnulla
1735 1386 1819 1450 ad
1856 1388 2187 1451 historiam
2226 1411 2364 1476 per-

313 1505 582 1569 tinentia
620 1507 969 1570 memoriae
1007 1503 1295 1587 tradant,
1342 1520 1408 1569 et
1437 1505 1588 1568 satis
1620 1520 1985 1569 accuratam
2008 1505 2174 1569 illius
2208 1521 2366 1570 tem·

314 1624 485 1710 poris
518 1621 1018 1712 descriptionem
1062 1639 1127 1688 et
1161 1624 1341 1710 quasi
1372 1623 1717 1711 imaginem
1742 1624 2124 1711 praebeant,
2169 1645 2363 1688 nemo

317 1740 664 1824 dubitabit,
711 1743 864 1828 quin
907 1742 1079 1806 lectu
1117 1741 1518 1832 dignissimae
1563 1742 1711 1806 sint.

400 1860 662 1922 Initium
693 1858 1015 1924 scribendi
1055 1861 1246 1924 sumit
1278 1874 1504 1924 auctor
1540 1861 1622 1924 ab
1657 1862 2098 1925 exhortatione
2130 1882 2365 1925 nonna-

314 1999 383 2041 'rI
404 2025 423 2060 ,
473 1991 546 2040 ut
585 1993 715 2042 tam
745 1978 911 2043 bene
948 1977 1256 2059 vivendO,
1309 2001 1503 2064 quam
1531 1993 1707 2041 recte
1734 1976 2032 2041 docendo
2054 2024 2072 2059 ,
2120 1976 2360 2067 gradu,

317 2094 399 2159 ad
426 2118 620 2183 quem
652 2093 1082 2159 adscendisset
1101 2142 1119 2176 ,
1157 2093 1420 2184 dignum
1447 2117 1515 2158 se
1538 2092 1858 2161 redderet.
1944 2097 2116 2160 Ante
2149 2098 2366 2161 omnia

320 2214 512 2302 igitur
570 2213 742 2296 vult,
801 2228 874 2277 ut
930 2213 1182 2296 otiosis,
1249 2235 1400 2299 quas
1449 2212 1640 2294 dicit,
1709 2213 2019 2278 abstineat
2068 2213 2374 2278 confabu-

316 2332 660 2397 lationibus
731 2349 796 2397 et
848 2333 1099 2422 linguae
1168 2330 1552 2396 indomitae
1591 2331 1898 2420 contagiis
1918 2379 1935 2413 ,
2013 2348 2239 2397 contra
2302 2349 2368 2398 et

316 2452 596 2541 linguam
637 2469 703 2516 et
741 2466 1025 2516 mentem
1070 2451 1138 2516 S.
1189 2446 1574 2540 Scripturae'
1607 2466 1674 2514 et
1720 2471 2038 2515 anneonn
2082 2450 2366 2539 Operum

312 2568 595 2634 lectione
637 2570 933 2634 excolere
977 2566 1248 2636 studeat.
1355 2568 1556 2633 Fama
1598 2569 1769 2633 enim
1811 2584 1946 2634 erat
1988 2567 2071 2633 de
2117 2569 2372 2664 quibus-⁶

310 2685 466 2750 dam
496 2688 831 2772 Episcopis
845 2731 864 2764 ,
907 2700 980 2747 ut
1016 2708 1150 2748 non
1165 2732 1183 2765 ,
1236 2688 1344 2770 qui
1374 2685 1802 2772 religiosiores
1841 2701 1907 2746 et
1943 2683 2368 2747 continentio-

318 2822 420 2863 res
452 2795 700 2880 essent,
750 2819 968 2861 secum
1003 2799 1351 2877 haberent,
1400 2820 1621 2860 verum
1666 2800 1909 2886 potius,
1964 2799 2072 2885 qui
2108 2800 2260 2863 risui
2306 2816 2370 2864 et

313 2917 479 3003 jocis
539 2932 604 2980 et
663 2916 1108 2980 comessationi
1160 2913 1437 2998 addicti,
1500 2914 1785 3003 quotidie
1836 2917 2035 3006 magis
2079 2898 2366 2982 ventrem

315 3033 581 3123 dapibus
597 3082 616 3116 ,
655 3056 844 3121 quam
890 3049 1172 3098 mentem
1218 3032 1542 3097 sacrificiis
1594 3035 1974 3099 coelestibus
2000 3039 2360 3123 pascerent.

318 3152 449 3215 Eos
513 3153 707 3241 igitur
765 3151 975 3214 socios
1041 3151 1160 3214 sibi
1219 3150 1517 3240 eligeret,
1569 3152 1676 3237 qui
1743 3166 1809 3214 et
1849 3152 2103 3215 actione
2148 3168 2215 3215 et
2262 3177 2367 3217 ex-

316 3270 683 3342 hortatione
731 3269 977 3357 populo
1025 3268 1326 3357 prodesse
1383 3285 1676 3357 possent,
1740 3285 1807 3334 et
1868 3267 2139 3334 idoneos
2202 3270 2365 3334 sacri

314 3387 593 3452 muneris
629 3385 948 3470 adjutores
983 3409 1049 3448 se
1079 3401 1496 3473 praestarent.
1548 3388 1710 3449 Cum
1745 3403 1956 3450 autem
1985 3387 2166 3470 loca,
2206 3411 2367 3475 quae

315 3504 400 3570 ad
456 3506 650 3593 ipsius
703 3505 1035 3591 regionem
1082 3502 1525 3590 pertinebant,
1591 3502 1822 3566 latiora
1876 3519 2117 3585 essent,
2175 3526 2365 3590 quam

294 3627 387 3687 'ut
426 3624 594 3687 solus
633 3622 850 3685 omnia
891 3637 1107 3710 posset
1145 3622 1442 3703 lustrare,
1496 3620 1906 3709 Presbyteros
1946 3622 2160 3710 plures
2198 3646 2369 3687 crea-

320 3758 450 3824 ret,
502 3742 802 3807 doctores
829 3741 1276 3823 constitueret,
1321 3740 1428 3827 qui
1469 3740 1780 3829 populum
1817 3741 2155 3827 docerent,
2190 3766 2368 3807 sacra

417 4054 500 4121 (1)
539 4052 656 4104 Lib.
696 4053 762 4103 V.
799 4070 914 4122 cap.
950 4052 1036 4103 19.
1072 4051 1220 4104 Idem
1257 4054 1314 4101 in
1349 4053 1614 4120 Epitome.
1651 4080 1721 4093 --
1762 4055 1881 4105 Fuit
1916 4064 2087 4103 autem
2123 4068 2367 4109 uramus

531 4136 622 4186 ille
645 4173 659 4200 ‚
705 4136 771 4186 de
817 4153 920 4204 quo
958 4136 1049 4187 hic
1094 4138 1294 4205 agitur,
1333 4135 1443 4186 Rex
1474 4135 1922 4201 Northumbriae‚
1961 4138 2053 4204 qui
2093 4155 2229 4189 anno
2266 4141 2367 4195 685

538 4234 753 4271 tommo
799 4221 937 4272 fratri
985 4222 1240 4271 successit.
1314 4219 1437 4271 vid.
1477 4220 1623 4272 Ilist.
1660 4220 1809 4271 Eccl.
1848 4219 1967 4272 Lib.
2005 4220 2092 4273 IV.
2130 4240 2241 4291 cap.
2279 4225 2364 4277 26.
