2922 5195
1292 453 1365 515 17

302 626 440 697 dire
476 654 662 721 posse
698 632 960 719 opinor,
1005 630 1057 694 si
1099 628 1672 695 animadvertamus
1694 678 1711 711 ‚
1754 630 1993 694 Literas
2035 632 2148 695 has
2177 655 2349 695 anno

302 751 560 813 circiter
612 750 1170 839 septingentesimo
1233 770 1367 813 esse
1437 749 1832 836 conscriptas
1860 797 1877 830 ‚
1942 764 2005 812 et
2066 754 2199 835 jam
2253 771 2351 813 se·-

305 868 522 956 quenti
594 890 761 931 anno
826 890 1112 931 sancum
1181 865 1353 929 diem
1403 867 1635 930 obiisse
1692 889 2106 954 supremum.⁹
2177 868 2350 957 Ergo

303 1000 366 1048 et
411 985 621 1073 Papae
668 1008 878 1066 mors,
930 1001 995 1048 et
1040 985 1231 1072 ipsius
1278 984 1603 1070 quietioris
1651 984 1817 1048 vitae
1864 982 2177 1064 studium,
2223 1007 2350 1071 quo

301 1102 436 1190 ipse
470 1124 639 1165 anns
678 1101 1028 1166 ducebatur
1051 1149 1068 1184 ‚
1121 1124 1344 1165 causae
1384 1102 1581 1165 fuisse⁴
1610 1100 1946 1184 videntur,
1980 1125 2096 1165 cur
2126 1103 2250 1166 iter
2292 1103 2353 1166 ei

300 1218 674 1307 impositum
705 1242 835 1283 non
876 1219 1119 1284 faceret
1139 1267 1156 1302 ‚
1191 1218 1305 1283 sed
1331 1220 1468 1283 otio
1496 1219 1821 1305 literisque
1861 1218 2190 1309 indulgere
2211 1244 2353 1310 per-

300 1353 481 1425 geret
523 1334 644 1425 (1).

308 1494 323 1526 ,-
390 1455 536 1518 Alia
580 1470 800 1518 exorta
843 1456 1125 1541 quaestio
1178 1470 1272 1520 est
1289 1503 1311 1537 ,
1359 1471 1575 1519 utrum
1621 1478 1788 1519 mma
1833 1455 2134 1520 Scholam
2187 1456 2352 1521 Can·-

305 1570 754 1659 tabrigz‘ensem
798 1570 1027 1635 adierit
1047 1618 1065 1653 ‚
1116 1596 1192 1636 ac
1246 1563 1531 1637 summos
1576 1573 1667 1635 ibi
1714 1574 1994 1637 honores
2051 1595 2354 1637 consecu-

299 1704 400 1751 tus
456 1688 865 1776 doctorisque
909 1712 1176 1776 munnere
1237 1691 1373 1778 ipse
1427 1690 1677 1754 functus
1726 1689 1853 1753 sit?
1942 1689 2137 1770 Quod
2194 1715 2353 1756 non*

301 1807 463 1871 nulli
504 1817 583 1871 ex
614 1789 1001 1871 Academiae
1043 1807 1589 1896 Cantabrigiensis
1632 1809 1873 1873 civibus
1916 1809 2311 1875 affirmarunt
2328 1857 2347 1893 ,

302 1941 614 2014 negarunt
640 1939 865 1989 contra
909 1925 1334 1991 Oxonionses.
1429 1926 1729 1990 Servatur
1768 1942 1981 1990 autem
2016 1928 2085 1989 in
2125 1928 2355 1991 Archi-

301 2044 397 2107 vis
441 2043 712 2107 Scholae
766 2043 1310 2131 Cantabrigiensis
1356 2043 1556 2107 Liber
1575 2091 1593 2124 ‚
1645 2044 1752 2130 qui
1795 2043 2059 2125 dicitur,
2110 2046 2349 2132 Niger,
2420 2120 2422 2122 ¹

304 2161 374 2223 in
415 2183 544 2246 quo
585 2160 905 2224 invenitur
945 2160 1229 2223 Historia
1275 2159 1589 2247 quaedam
1612 2207 1629 2242 ‚
1682 2182 2062 2224 caunnnro
2108 2141 2355 2225 auctori

306 2274 627 2364 adscripta
652 2276 772 2364 (2).
867 2275 1096 2339 Fertur
1129 2277 1222 2341 ibi
1261 2300 1458 2361 anns,
1505 2293 1768 2367 «rogatu
1788 2301 2104 2344 warum
2132 2279 2355 2345 docto·-

329 2474 499 2484 c———-
512 2477 516 2480 v
526 2476 707 2483 -—--—·
721 2474 897 2482 ————--—-
916 2475 935 2482 ο
963 2474 971 2481 ·

509 2603 621 2638 esse
665 2586 864 2655 putavit
901 2585 1147 2655 spuriam.
1231 2578 1298 2636 Et
1337 2593 1675 2639 mutuemus
1715 2597 1925 2656 quoque
1966 2578 2216 2638 nonnihil
2256 2602 2356 2638 su-

508 2671 668 2739 specti
713 2671 763 2720 ei
809 2671 980 2721 inesse
1017 2670 1360 2732 existimavit,
1411 2668 1481 2719 oh
1510 2667 1643 2717 hanc
1669 2671 1897 2719 maxime
1936 2681 2141 2719 causam
2161 2704 2177 2731 ,
2211 2656 2352 2735 quod

509 2752 783 2819 Presbyter
822 2751 1012 2800 dicitur
1031 2785 1047 2812 ,
1100 2767 1266 2817 quum
1307 2751 1396 2799 vix
1436 2759 1613 2799 tamen
1656 2759 1773 2800 ante
1814 2761 2031 2802 mortem
2071 2766 2242 2802 sucu
2287 2751 2352 2802 ad

515 2834 668 2885 illum
699 2833 915 2902 gradum
941 2833 1166 2901 potuerit
1195 2831 1367 2883 evehi.
1419 2831 1545 2881 vid.
1572 2833 1714 2882 Acta
1735 2833 1928 2883 Bened.
1945 2831 2060 2885 Sec.
2076 2835 2168 2886 ΠΙ.
2183 2836 2346 2900 Elog.

512 2916 645 2970 Bed.
669 2906 772 2969 ἠΰ.
811 2917 864 2968 4.
934 2916 1131 2967 Vocem
1171 2925 1377 2980 autem,
1428 2931 1563 2983 quae
1607 2915 1705 2966 viri
1732 2916 2009 2967 acutissimi
2042 2917 2351 2969 dubitationi

509 3004 788 3071 praecipue
816 3018 994 3051 ansam
1037 2999 1273 3064 dederit,
1318 3000 1376 3050 in
1419 3001 1618 3068 optimo
1650 2997 1877 3062 Codice,
1914 3000 1980 3050 ab
2008 3017 2204 3054 ussum
2234 3003 2351 3054 cold-

512 3086 652 3148 lato,
704 3086 920 3135 omnino
970 3083 1152 3135 dee'sse
1198 3101 1346 3151 supra
1392 3085 1701 3135 notavimus.
1796 3083 2054 3135 Anonos
2098 3101 2247 3137 ricus
2292 3088 2351 3138 in

514 3170 711 3220 critica
746 3168 1305 3220 Historico-Chronol.
1349 3169 1553 3218 Annal.
1586 3183 1838 3231 maom,
1886 3157 2172 3236 Epistolam
2218 3172 2353 3220 scri--

502 3263 647 3323 ptam
691 3267 803 3304 esse
846 3253 1061 3321 conjicit
1104 3252 1170 3302 ab
1211 3251 1386 3319 aliquo
1432 3266 1717 3304 successore
1762 3244 1932 3304 suen
1949 3290 1965 3316 ‚
2011 3253 2145 3322 Papa
2178 3264 2351 3307 autem

506 3335 662 3402 paulo
713 3344 830 3402 post
882 3344 1084 3384 mortuo
1104 3369 1121 3396 ,
1185 3349 1505 3386 ctotrmnun
1556 3351 1767 3386 neeesse
1813 3353 1920 3386 non
1961 3334 2203 3387 habuisse
2224 3373 2241 3402 ‚
2292 3350 2351 3391 ut

514 3432 644 3468 um
687 3419 916 3467 Romam
958 3417 1265 3466 mitteretur.
1333 3414 1461 3465 vid.
1505 3415 1657 3466 Tom.
1699 3416 1834 3466 VIII.
1864 3433 1985 3485 pag.
2010 3417 2150 3468 1436
2171 3423 2256 3470 n'’.
2282 3421 2352 3472 II.

511 3501 648 3569 Aug.
679 3496 1068 3552 Vinde1.1739.
1100 3527 1170 3538 -
1200 3497 1308 3550 Cur
1333 3509 1454 3549 vero
1482 3516 1510 3548 a
1540 3509 1825 3551 successore
1855 3499 2118 3568 quodam?
2163 3496 2348 3571 quidni

506 3585 573 3635 ab
602 3587 715 3652 ipso
742 3599 918 3636 sunam
940 3586 966 3636 ?

374 3661 459 3737 (1)
499 3668 647 3738 Quod
673 3667 915 3719 nonnulli
942 3658 1243 3738 perhibent,
1274 3684 1396 3718 eum
1424 3685 1451 3718 a
1484 3682 1733 3721 outcome
1752 3686 1962 3737 quoque
1980 3669 2350 3738 PapaRomam

509 3770 620 3804 esse
648 3763 885 3804 vocatum
905 3789 922 3816 ,
961 3752 1104 3803 nulla
1134 3753 1423 3803 auctoritate
1454 3754 1653 3802 nititur.

373 3835 459 3904 (2)
498 3835 722 3887 Νιοοωι
765 3851 1044 3886 canutum
1089 3837 1391 3887 Historiola
1416 3837 1476 3886 de
1505 3839 1843 3903 Antiquitate
1870 3843 1922 3888 et
1954 3839 2172 3902 Origine
2209 3839 2350 3888 Uni-

509 3935 645 3969 ver8.
679 3919 984 3982 cantabrig.
1003 3954 1018 3980 ,
1051 3920 1206 3970 simul
1220 3938 1340 3970 cum
1364 3921 1631 3970 Chronicis
1642 3935 1845 3971 suoru
1863 3920 2001 3972 edita
2016 3921 2081 3971 ab
2100 3935 2346 3984 numne,

511 3999 679 4052 Oxou.
722 4003 875 4053 1719.
914 4019 1036 4069 pag.
1062 4002 1326 4053 274-277.
1398 4001 1618 4070 Anglice
1652 4003 1847 4053 librum
1877 4005 2032 4053 vertit
2061 4017 2344 4054 naitanus:

512 4078 621 4136 The
661 4087 887 4155 History
933 4088 1040 4136 and
1080 4089 1368 4155 Antiquity
1413 4088 1480 4152 of
1512 4087 1593 4135 the
1629 4086 1786 4135 Univ.
1817 4087 1883 4150 of
1911 4085 2250 4150 Cambridge,
2293 4091 2347 4138 in

507 4176 608 4222 two
634 4176 811 4239 parts,
844 4171 909 4239 by
941 4185 1165 4223 nioman
1182 4187 1373 4224 mamm
1395 4208 1410 4235 ,
1447 4173 1517 4222 Β.
1536 4172 1609 4224 D.
1627 4172 1735 4221 and
1747 4171 1929 4238 follow
1958 4172 2199 4240 ofCajue
2220 4173 2342 4225 Gol-

1945 4294 1986 4337 ,2
