2922 5195
1554 439 1595 498 8

561 623 631 683 in
678 620 858 682 terris
880 663 899 697 ,
949 618 1175 702 quibus
1217 616 1375 679 haec
1427 615 1809 678 monasteria
1853 630 2079 702 postea
2132 615 2370 681 donata
2412 632 2552 681 suut
2575 663 2598 697 ‚

570 737 777 801 solum
831 757 1039 797 numm
1083 733 1293 797 natale
1331 732 1452 796 fuit
1471 781 1490 814 ,
1536 733 1823 818 quamvis
1873 733 2197 818 utriusque
2244 734 2618 799 monasterii

569 853 940 936 conjunctio
966 900 985 934 ,
1034 866 1100 915 et
1133 851 1308 938 quasi
1343 849 1634 914 confusio
1667 848 1936 938 impedit
1955 897 1973 932 ‚
2013 874 2140 937 quo
2172 852 2378 914 minus
2402 852 2618 939 ipsum

564 970 785 1034 locum
817 983 1108 1034 accurate
1143 967 1525 1033 indicemus.
1586 968 1681 1032 Ex
1700 970 2025 1032 Saxonica
2054 985 2266 1034 autem
2292 968 2622 1031 Historiae

568 1112 609 1154 a
664 1110 834 1152 mim
886 1088 1287 1176 conscriptae
1332 1087 1703 1175 paraphrasi
1753 1085 1846 1175 (1)
1913 1089 2062 1152 satis
2132 1086 2365 1151 confici
2430 1109 2624 1176 posse

569 1204 858 1289 videtur,
930 1228 1077 1269 eum
1138 1220 1360 1269 natum
1414 1227 1549 1269 esse
1605 1206 1674 1268 in
1734 1205 1880 1269 vico
1901 1252 1923 1285 ,
1998 1206 2104 1291 qui
2159 1221 2385 1295 postea
2452 1204 2627 1268 inter

572 1325 807 1414 prioris
859 1324 1229 1390 monasterii
1274 1324 1701 1411 possessiones
1758 1323 1943 1410 eique
1991 1321 2237 1385 vicinus
2297 1336 2455 1386 erat.
2550 1320 2627 1383 Si

573 1465 732 1507 vero
769 1443 878 1524 iis,
929 1465 1091 1528 quae
1139 1464 1217 1506 ex
1257 1441 1459 1505 veteri
1507 1455 1573 1504 et
1611 1439 1857 1529 vulgari
1901 1439 2206 1528 opinione
2245 1436 2623 1521 traduntur,

574 1557 771 1623 fidem
792 1559 1032 1625 habere
1057 1559 1210 1624 licet
1228 1606 1247 1640 ‚
1273 1556 1455 1622 locus
1496 1573 1622 1639 est,
1650 1557 1758 1622 cui
1779 1555 1977 1622 hodie
2010 1579 2251 1621 nomen
2274 1554 2584 1620 Monkton
2601 1601 2628 1639 ,

578 1675 782 1763 (quasi
829 1676 1003 1741 dicas
1048 1676 1516 1741 monachorum
1556 1675 1809 1764 urbem)
1864 1698 2068 1764 prope
2125 1675 2421 1760 Gyrvum.
2493 1673 2630 1737 Ibi-

573 1791 725 1857 dem
774 1794 1122 1856 etiamnum
1171 1792 1315 1855 fons
1361 1814 1477 1855 seu
1523 1808 1753 1879 puteus
1805 1792 2162 1859 ostenditur
2181 1840 2201 1875 ‚
2251 1814 2460 1857 namus
2506 1813 2629 1855 no-

572 1910 747 1976 mine
797 1909 1129 1999 insignitus
1153 1956 1176 1991 ,
1233 1909 1304 1974 in
1352 1930 1552 1994 quem
1597 1908 1910 1995 superiori
1961 1908 2157 1973 etiam
2204 1909 2426 1973 seculo
2467 1908 2628 1976 libe-

577 2049 686 2091 ros
708 2073 728 2110 ‚
779 2027 1014 2090 morbo
1066 2026 1171 2091 vel
1213 2023 1584 2100 infirmitate
1631 2025 1996 2090 laborantes
2019 2074 2038 2108 ,
2118 2024 2384 2090 sanandi
2433 2046 2627 2090 causa

575 2145 956 2236 immergere
999 2142 1290 2208 solebant
1328 2157 1624 2235 parentes
1678 2141 1794 2234 (2).

656 2564 739 2633 (1)
779 2564 945 2617 Banu
988 2566 1136 2618 Hist.
1164 2566 1316 2620 Eccl.
1339 2582 1457 2619 cum
1482 2567 1742 2635 paraphr.
1778 2567 2042 2619 saxonica
2066 2580 2282 2620 urnam
2302 2605 2324 2635 ,
2363 2571 2635 2624 Samonion

795 2650 986 2702 Chran.
1015 2651 1148 2716 leges
1164 2651 1587 2716 Anglo-Saxon.
1603 2656 1652 2701 et
1673 2652 1808 2716 leges
1831 2665 2048 2702 numni
2070 2650 2145 2715 I.,·
2170 2651 2335 2703 edidit
2348 2669 2398 2705 A.
2416 2669 2629 2708 wnnoo

788 2733 1009 2787 Cantab.
1046 2734 1205 2797 1644.
1284 2735 1556 2788 Invenitur
1595 2733 1778 2786 eadem
1819 2734 1876 2784 in
1919 2732 2148 2784 editione
2171 2771 2187 2797 ,
2239 2752 2400 2803 quam
2437 2737 2633 2789 curavit

790 2832 946 2867 ωιτη
992 2816 1236 2868 Cantabr.
1275 2817 1437 2871 1722.
1507 2817 1592 2867 W
1585 2834 1671 2868 aes
1699 2820 1745 2867 ic
1772 2817 1997 2867 acenned
2018 2833 2086 2866 on
2115 2818 2464 2870 sundorlande
2491 2822 2640 2871 tham

789 2899 947 2967 ylcan
987 2905 1266 2966 mynstreS.
1347 2899 1438 2948 Est
1481 2899 1643 2964 igitur
1682 2899 2035 2948 sandorlande
2073 2909 2206 2949 terra
2230 2912 2489 2968 separata,
2527 2903 2635 2954 do-

787 2990 906 3033 nata
927 3016 943 3043 ,
996 2981 1308 3032 territorium
1328 3015 1346 3043 ,
1398 2995 1638 3031 sermone
1682 2978 1956 3035 remaculo
2002 2981 2355 3046 afgezonderd
2379 2985 2543 3047 land,
2581 2995 2636 3035 et

790 3062 1000 3114 fortasse
1031 3062 1155 3116 inde
1183 3079 1378 3114 nomen
1402 3064 1601 3132 aocepit
1615 3073 1666 3113 et
1682 3064 1898 3115 retinuit
1919 3064 2255 3116 Suaderland
2270 3102 2286 3129 ,
2324 3084 2456 3135 quae
2472 3066 2636 3119 hodie

794 3145 1023 3210 dicitur,
1072 3165 1387 3215 quamquam
1431 3163 1517 3197 me
1547 3163 1654 3196 non
1682 3144 1882 3209 latent,
1911 3164 2045 3214 quae
2076 3148 2276 3215 scripsit
2305 3164 2419 3200 non.
2450 3164 2639 3200 suun

792 3229 913 3282 vol.
953 3231 998 3282 1.
1040 3250 1161 3300 pag.
1198 3232 1322 3283 253.
1362 3233 1506 3299 Very
1535 3233 1752 3281 various
1780 3219 2097 3296 c'onjectures
2126 3231 2253 3281 have
2281 3232 2400 3282 been
2419 3233 2643 3298 formed

796 3329 859 3364 as
902 3319 952 3364 to
995 3315 1077 3365 the
1119 3316 1408 3367 derivation
1450 3316 1518 3381 of
1551 3315 1633 3364 the
1673 3330 1844 3365 name.
1932 3315 1985 3366 T
1982 3313 2041 3364 he
2083 3315 2314 3382 simplest
2355 3317 2465 3366 and
2501 3324 2640 3370 most

792 3397 1010 3450 obvious
1047 3416 1203 3452 seems
1242 3404 1293 3451 to
1335 3400 1392 3450 be
1410 3434 1427 3463 ,
1476 3399 1591 3450 that
1619 3402 1662 3449 it
1688 3397 1906 3450 marked
1929 3399 2010 3451 the
2034 3400 2271 3463 original
2297 3402 2549 3454 situation
2580 3404 2647 3470 os

798 3481 879 3533 the
917 3483 1066 3547 place
1084 3519 1104 3546 ,
1151 3499 1220 3534 on
1265 3499 1298 3532 a
1332 3484 1490 3549 point
1516 3484 1583 3548 of
1601 3482 1728 3532 land
1754 3483 1941 3535 almost
1970 3484 2233 3534 insulated
2257 3485 2323 3552 by
2355 3486 2435 3536 the
2465 3485 2551 3535 W
2543 3502 2637 3536 ear

800 3564 909 3615 and
934 3564 1000 3632 by
1033 3565 1113 3614 the
1141 3580 1227 3614 sea
1245 3599 1262 3627 ,
1299 3575 1400 3615 cet.
1469 3563 1639 3615 Minus
1667 3574 1893 3615 accurate
1924 3574 2099 3615 tamen
2124 3566 2368 3618 nonnulli
2391 3568 2639 3620 dixerunt

800 3659 968 3696 ntum
994 3647 1051 3694 in
1085 3645 1473 3696 Sunderlandia
1502 3661 1613 3695 esse
1641 3655 1820 3696 natum
1839 3682 1854 3708 ‚
1894 3656 1951 3696 ut
1972 3664 2025 3696 v.
2053 3665 2105 3714 g.
2125 3646 2249 3700 Rev.
2265 3664 2395 3705 sonu
2410 3667 2639 3704 unam>

798 3727 945 3777 Hist.
974 3731 1041 3795 os
1060 3729 1228 3793 Engl.
1256 3727 1424 3779 Lond.
1453 3728 1611 3778 1819.
1642 3729 1762 3780 Vol.
1789 3729 1833 3780 Ι.
1859 3747 1979 3798 pag.
2014 3730 2136 3781 122.

598 3873 603 3879 ψ
662 3810 748 3879 (2)
788 3810 912 3861 vid.
946 3812 1059 3862 The
1087 3814 1234 3864 Hist.
1265 3812 1373 3865 and
1396 3813 1588 3876 Antiq.
1617 3814 1683 3878 of
1704 3813 1786 3863 the
1818 3813 2022 3881 Countq
2050 3813 2297 3865 Palatine
2315 3817 2636 3882 ofDurbam

799 3896 867 3964 by
895 3909 1010 3946 non.
1039 3909 1222 3948 suares
1254 3897 1320 3964 of
1338 3895 1666 3960 Mainsforth
1690 3896 1826 3962 Esq.
1853 3893 2021 3947 Lond.
2051 3897 2205 3949 1816.
2232 3896 2351 3950 Vol.
2381 3900 2449 3952 H.
2480 3898 2637 3970 p.'69

800 3990 853 4030 et
894 3979 980 4030 80.
1026 4008 1088 4018 -
1144 3978 1357 4030 observ.
1393 3995 1463 4029 on
1497 3980 1731 4046 popular
1773 3981 2103 4046 Antiquities
2146 3981 2212 4049 by
2253 3997 2384 4034 sont
2426 4000 2632 4050 Βυιυ,

800 4064 1068 4128 arranged
1107 4064 1217 4114 and
1256 4063 1457 4114 revised
1496 4064 1562 4132 by
1612 4077 1779 4113 nsum
1823 4077 1962 4113 ntus
2007 4061 2175 4114 Lond.
2216 4063 2371 4116 1813.
2413 4063 2528 4115 Vol.
2560 4065 2632 4115 11.

794 4162 913 4211 pag.
952 4145 1075 4199 2⁷0.
1161 4146 1342 4199 About
1385 4163 1418 4198 a
1459 4147 1577 4197 mile
1619 4151 1668 4196 to
1710 4146 1789 4196 the
1833 4145 1987 4199 West
2024 4148 2090 4214 of
2125 4145 2380 4214 Jarrow,
2416 4148 2632 4218 inquit,
