2922 5195
1542 485 1626 552 14·

544 663 851 762 temporis
890 686 956 735 et
986 669 1224 734 laboris
1255 667 1627 757 impendere
1657 683 1894 757 posset.
1970 667 2315 736 «Officium
2347 671 2614 762 quippe

543 815 761 856 curam
804 790 1106 877 requirit,
1154 811 1301 853 cura
1356 779 1639 852 mentem
1695 785 2019 870 distrahit,
2079 786 2409 856 distractio
2459 807 2586 856 stu·
2681 759 2704 774 ⁰

546 905 724 973 dium
770 909 1094 973 literarum
1138 905 1446 994 impedit»
1475 905 1595 994 (1).

634 1026 904 1090 Silentio
946 1025 1452 1113 praetermittere
1486 1045 1619 1086 non
1649 1045 1979 1112 possumus
2009 1023 2247 1088 Literas
2282 1023 2364 1088 ad
2397 1047 2592 1089 cnon-

544 1166 839 1225 numm,
896 1141 1219 1206 Abbatem
1266 1140 1673 1221 monasterii,
1722 1141 1790 1203 in
1845 1162 1973 1228 quo
2026 1142 2370 1207 maximam
2421 1131 2614 1207 vitae

540 1276 789 1350 partem
836 1283 1004 1325 mins
1035 1258 1246 1348 degit,
1298 1282 1335 1323 a
1370 1279 1603 1323 senem
1646 1258 1820 1345 Papa
1852 1258 2091 1324 missas,
2186 1259 2452 1348 Scripsit
2479 1262 2591 1349 igi·

542 1393 646 1442 tur
688 1379 887 1442 haec:

629 1495 946 1560 «Senems
978 1495 1330 1583 Episcopus
1349 1542 1369 1577 ‚
1418 1515 1631 1558 servus
1657 1515 1985 1559 servorum
2022 1491 2178 1577 Dei,
2225 1516 2593 1560 cnonrnmo

544 1613 843 1702 religioso
866 1612 1104 1679 Abbati
1120 1661 1139 1696 ,
1162 1612 1674 1700 Presbyteroque
1693 1610 2014 1677 salutem..
2028 1662 2042 1677 .
2057 1661 2073 1677 .
2121 1613 2596 1679 Benedictionis

542 1732 811 1820 gratiam
832 1778 851 1812 ‚
921 1753 1111 1816 quam
1168 1731 1356 1794 nobis
1416 1753 1534 1818 per
1590 1746 1988 1818 praesentem
2047 1732 2432 1819 portitorem
2484 1748 2594 1796 tua

543 1848 715 1912 misit
767 1846 1000 1911 devota
1042 1846 1269 1935 religio
1292 1893 1311 1927 ‚
1360 1846 1589 1910 libenti
1635 1863 1700 1910 et
1743 1848 1930 1911 hilari
1980 1850 2230 1933 animo,
2277 1851 2461 1914 sicuti
2508 1851 2606 1915 ab·

541 1981 619 2029 e'a
662 1963 904 2029 directa
939 1979 1031 2027 est
1052 2012 1071 2047 ,
1115 1985 1232 2027 nos
1263 1963 1606 2051 suscepisse
1634 1986 1980 2053 cognosce.
2003 2012 2021 2030 .
2044 2012 2062 2030 .
2083 2012 2100 2029 .
2197 1965 2595 2053 Opportunis

542 2104 698 2171 ergo
756 2104 833 2146 ac
889 2079 1097 2171 dignis
1133 2080 1616 2169 amplectendae
1656 2081 2101 2147 sollicitudinis
2146 2098 2294 2148 tuae
2331 2085 2591 2173 petitio-

540 2202 728 2265 nibus
770 2200 1116 2266 arctissima
1160 2199 1508 2265 devotione
1548 2200 1834 2266 faventes
1887 2199 2018 2288 (2),
2075 2202 2409 2266 hortamur
2445 2204 2588 2267 Deo

543 2317 845 2383 dilectam
894 2319 1200 2383 bonitatis
1238 2334 1385 2384 tuae
1433 2318 1951 2407 religiositatem,
2012 2333 2114 2401 ut,
2167 2320 2316 2405 quia
2360 2320 2594 2383 exortis

541 2435 920 2524 quibusdam
954 2437 1527 2501 ecclesiasticarum
1558 2459 1886 2500 causarum
1923 2436 2247 2523 capitulis,
2292 2460 2425 2501 non
2457 2422 2593 2502 sine

524 2555 1006 2646 'examinatione
1047 2554 1296 2644 longius
1338 2552 1815 2619 innotescendis
1835 2601 1854 2637 ‚
1907 2576 2065 2642 opus
2102 2554 2289 2619 nobis
2321 2571 2464 2620 sunt
2514 2555 2594 2620 ad

545 2672 1004 2739 conferendum
1057 2675 1208 2739 artis
1253 2674 1580 2739 literatura
1624 2674 1889 2757 imbuti;
1951 2674 2114 2738 sicut
2162 2673 2349 2738 decet
2395 2674 2594 2740 devo-

616 2968 703 3037 (1)
740 2967 875 3020 Sunt
914 2964 1070 3015 verba
1113 2979 1256 3015 sou.
1296 2978 1573 3015 rau-nnn
1617 2964 1678 3014 de
1712 2967 1848 3015 viris
1891 2966 2088 3017 illustr.
2130 2968 2245 3018 ord.
2293 2968 2352 3020 S.
2395 2968 2593 3018 Bened-

560 3050 567 3059 '
750 3047 870 3100 Lib.
899 3046 968 3098 11.
1004 3062 1050 3096 c.
1079 3045 1167 3096 21.
1197 3064 1253 3114 p.
1283 3047 1371 3097 34.
2599 3048 2604 3055 ’

618 3134 703 3203 (2)
740 3131 869 3185 Sine
921 3129 1083 3182 dubio
1126 3128 1254 3181 haec
1295 3131 1583 3200 respiciunt
1620 3132 1963 3201 privilegium
2003 3133 2137 3185 illud
2182 3149 2458 3188 ctotrutno
2502 3154 2600 3204 pro

748 3213 1060 3265 monasterio
1101 3229 1193 3263 suo
1223 3231 1251 3262 a
1280 3228 1456 3264 stacio
1491 3214 1626 3282 Papa
1655 3214 1957 3281 decretum,
1994 3220 2143 3285 cujus
2175 3218 2287 3286 ipse
2319 3233 2446 3270 mnu
2474 3237 2601 3272 me-

757 3298 915 3348 minit
940 3297 997 3345 in
1020 3296 1169 3346 fflst.
1196 3297 1394 3346 Abbat.
1426 3297 1512 3346 W
1506 3299 1652 3349 irem.
1682 3303 1731 3348 et
1763 3299 1934 3349 θίγω.
1965 3298 2105 3350 Edit.
2134 3314 2308 3351 want.
2335 3302 2510 3369 p.234
2540 3304 2596 3352 in

758 3379 889 3431 fine.
937 3378 1077 3430 Edit.
1105 3393 1261 3430 sulm
1305 3397 1361 3447 p.
1388 3376 1512 3430 300'.
1563 3379 1779 3432 «Missis
1825 3381 2041 3433 Romam
2067 3382 2335 3434 monachis
2361 3395 2599 3454 tempore

760 3464 988 3532 (beatae)
1035 3462 1405 3514 recordationis
1446 3476 1618 3515 suen
1661 3463 1868 3534 Papae,
1918 3466 2258 3535 privilegium
2303 3467 2367 3517 ab
2409 3485 2472 3520 eo
2507 3486 2599 3535 pro

752 3548 972 3597 tuitione
1010 3547 1089 3596 sui
1120 3547 1420 3597 monasterii
1453 3547 1614 3596 instar
1641 3546 1786 3597 illius
1806 3583 1821 3609 ‚
1860 3547 2001 3613 quod
2034 3561 2231 3599 muno
2264 3548 2396 3615 Papa
2430 3563 2597 3598 arns-

755 3643 906 3680 mcro
934 3628 1149 3678 dederat
1167 3663 1184 3692 ,
1214 3629 1408 3696 accepit
1438 3641 1759 3678 exortamus.
1789 3627 1937 3696 Quod
1965 3629 2291 3678 Britannias
2303 3629 2560 3697 perlatum
2578 3666 2595 3694 ‚

752 3722 806 3762 et
830 3728 1000 3762 coram
1029 3710 1238 3779 Synodo
1263 3710 1574 3779 patefactum
1592 3746 1608 3773 ‚
1655 3711 2004 3776 praesentium
2037 3711 2408 3779 Episcoporum
2437 3711 2601 3763 simul

755 3805 806 3845 et
848 3792 1117 3862 magnifici
1163 3794 1318 3862 Regis
1373 3807 1581 3844 uranu
1644 3792 2021 3862 subscriptione
2072 3792 2438 3845 confirmatum
2481 3806 2596 3860 est,

753 3875 1015 3944 quomodo
1059 3881 1215 3926 etiam
1257 3876 1400 3944 prius
1430 3874 1561 3924 illud
1607 3876 1686 3925 sui
1717 3878 1966 3944 temporis
2011 3877 2208 3946 Regem
2234 3889 2287 3928 et
2315 3877 2599 3948 Episcopos

755 3961 813 4009 in
841 3957 1051 4027 Synodo
1077 3957 1286 4026 publice
1315 3956 1650 4009 confirmasse
1682 3977 1789 4010 nou
1824 3959 2009 4012 latet.»
2079 3961 2167 4012 Sic
2209 3977 2354 4013 anm.
2425 3963 2594 4014 Note-

755 4054 837 4094 tur
876 4052 1047 4092 autem
1078 4041 1352 4110 singularis
1395 4042 1494 4093 viri
1523 4041 1774 4092 modestia
1796 4080 1811 4105 ,
1845 4044 1936 4110 qui
1966 4060 2087 4093 cum
2116 4045 2219 4095 dati
2253 4044 2396 4096 illius
2422 4046 2595 4112 privi-

751 4125 878 4193 legii
910 4126 1235 4177 mentionem
1262 4126 1414 4176 faciat
1431 4163 1447 4189 ,
1482 4140 1550 4177 ne
1578 4125 1737 4177 verbo
1765 4126 1983 4193 quidem
1997 4126 2089 4180 has
2105 4139 2353 4181 memorat
2371 4127 2591 4191 Literas,

754 4207 946 4275 quibus
975 4224 1094 4260 suae
1122 4206 1301 4261 laudes
1327 4218 1591 4278 tantopere
1621 4208 1956 4263 extolluntur.
