2922 5195
1291 492 1367 556 31

315 692 379 742 et
412 698 640 743 omnes
667 677 868 741 ferme
905 675 1188 741 melioris
1218 691 1411 740 notae
1448 657 1722 741 C'odices
1759 675 2086 744 declarant
2103 726 2123 762 ,
2161 681 2359 770 epito-

318 818 477 902 men
517 795 687 859 illam
721 794 1278 884 chronologicam,
1327 818 1518 883 quam
1551 795 1874 860 Historiae
1905 820 2052 861 suae
2080 797 2352 885 adjecit,

317 911 401 977 ad
431 936 662 977 annum
693 936 894 1001 usque
929 911 1060 1002 734
1092 914 1175 977 ab
1209 936 1289 977 eo
1318 914 1460 1002 ipso
1494 937 1627 980 esse
1659 915 2120 981 continuatam.
2208 916 2356 998 Quo

312 1029 572 1119 quidem
611 1047 908 1120 tempore
953 1053 1173 1095 numm
1215 1048 1537 1096 mortuum
1582 1056 1716 1097 esse
1733 1080 1751 1115 ,
1796 1033 2221 1122 probabiliori
2257 1058 2359 1099 ra·

310 1145 491 1213 tione
531 1148 746 1237 plures
780 1148 1130 1233 conjiciunt
1158 1147 1290 1237 (1);
1344 1149 1456 1213 sed
1501 1173 1711 1238 neque
1746 1151 1856 1214 hic
1890 1151 2172 1216 calculus
2206 1176 2361 1241 pro-

313 1267 457 1331 bari
502 1281 737 1355 potest.
811 1267 1065 1331 Etenim
1115 1291 1193 1332 ex
1240 1268 1530 1355 Epistola
1578 1269 1689 1331 illa
1739 1291 2144 1353 cu'rmmnm,
2202 1296 2362 1360 quo-

311 1407 466 1449 cum
514 1385 921 1449 consentiunt
980 1406 1203 1450 omnes
1252 1385 1484 1450 vetusti
1521 1384 1877 1473 Scriptores
1896 1434 1916 1469 ,
1959 1388 2363 1454 manifestum

310 1518 431 1585 est,
477 1526 697 1567 namn
727 1505 870 1591 ipso
889 1504 1295 1568 Ascensionis
1324 1504 1488 1568 festo
1516 1520 1583 1570 et
1616 1503 1761 1570 VH.
1794 1505 2115 1570 Kalendas
2145 1508 2179 1569 J
2181 1508 2360 1572 unias

316 1617 452 1705 (die
485 1619 569 1683 26
601 1619 758 1705 MaJi
790 1644 858 1685 n.
900 1620 990 1709 a.)
1027 1619 1291 1703 obiisse3
1343 1619 1516 1685 diem
1557 1637 1771 1685 autem
1801 1623 2210 1687 Ascensionis
2244 1623 2362 1688 do-

315 1737 593 1801 minicae
644 1752 711 1802 et
752 1738 1094 1826 septimum
1151 1737 1473 1802 Kalendas
1523 1740 1557 1801 J
1561 1740 1692 1802 unii
1742 1762 1875 1803 non
1922 1741 1992 1805 in
2034 1742 2204 1808 hunc
2253 1767 2363 1809 an-

314 1876 501 1937 num,
521 1853 635 1920 sed
650 1855 720 1919 in
741 1870 1111 1942 sequentem
1129 1857 1754 1945 septingentesimum
1773 1858 2163 1925 tricesimum
2184 1864 2364 1949 quin-

309 1990 447 2040 tum
485 1973 880 2038 concurrisse
897 2021 916 2055 ,
963 1996 1041 2038 cx
1079 1974 1311 2038 tabulis
1345 1975 1813 2046 Astronomicis
1842 1991 2069 2040 notum
2103 1993 2198 2041 est
2228 1978 2351 2067 (2).

308 2093 392 2156 Et
430 2115 606 2157 >sane
659 2094 728 2155 in
791 2090 1153 2155 Annalibus
1230 2091 1735 2175 Ultoniensz‘bus,
1802 2093 2011 2159 obitus
2078 2096 2210 2180 ejus
2276 2091 2360 2161 ad

319 2231 555 2273 annum
608 2209 884 2274 refertur
931 2207 1095 2296 734,
1121 2209 1278 2283 ⁸sive
1330 2231 1513 2272 aerae
1570 2225 1826 2273 nostrae
1876 2212 2152 2300 vulgaris
2195 2212 2323 2300 735
2341 2264 2360 2298 ,

320 2350 468 2392 cum
493 2327 622 2390 hoc
646 2326 830 2390 brevi
857 2325 1094 2415 elogio:
1123 2348 1339 2408 annm,
1363 2326 1612 2414 sapiens
1629 2329 1975 2412 Saxonum,
1999 2332 2365 2417 requievit.»

316 2445 481 2509 Item
527 2443 611 2508 ad
662 2442 935 2510 cundem
991 2467 1229 2510 annum
1292 2461 1549 2528 auctor,
1610 2446 1719 2533 qui
1767 2470 1974 2510 mmm
2035 2450 2363 2537 epitomen

318 2563 747 2629 continuavit:
809 2586 1019 2628 «nana
1075 2563 1417 2652 Presbyter
1485 2565 1689 2629 obiit»
1738 2564 1857 2655 (3).
1973 2567 2119 2632 Hoc
2172 2570 2367 2657 igitur

314 2705 487 2748 anno
504 2729 523 2766 ,
556 2682 780 2747 aetatis
808 2704 957 2745 suae
987 2676 1381 2770 sexagesimo¹
1401 2682 1595 2746 tertio
1611 2729 1630 2763 ,
1666 2699 1993 2745 mortuum
2024 2706 2171 2746 eum
2201 2705 2367 2766 esse,

392 2963 477 3033 (1)
517 2963 604 3017 Sic
645 2964 801 3014 etiam
849 2965 1037 3017 Chron.
1072 2965 1270 3016 Saxon.
1315 2964 1455 3016 Edit.
1489 2980 1684 3018 cirson.
1717 2984 1773 3035 p.
1802 2967 1889 3019 54.
1927 2970 2128 3036 Alsord
2153 2973 2366 3028 Annal.

486 3081 492 3093 .
531 3046 729 3114 (auctor
755 3057 835 3098 est
863 3063 1108 3098 animm
1132 3086 1146 3112 ,
1193 3066 1220 3099 e
1253 3049 1492 3100 societate
1520 3051 1660 3117 seso)
1694 3051 1813 3102 Vol.
1844 3052 1913 3102 ΙΙ.
1943 3071 1997 3121 p.
2024 3056 2147 3106 536.
2184 3071 2229 3106 s.
2260 3073 2361 3108 m-

525 3143 642 3179 nus
691 3129 884 3196 Script.
928 3130 1141 3182 Illustr.
1185 3132 1324 3198 Maj.
1364 3133 1512 3183 Brit.
1560 3132 1713 3184 Ceut.
1755 3134 1825 3184 II.
1867 3153 1922 3202 p.
1963 3136 2047 3186 97.
2122 3139 2363 3191 Tmrn-
2453 3174 2464 3183 ‚

526 3226 644 3262 mus
672 3211 764 3263 1.1.
794 3215 1033 3277 monuit,
1067 3229 1234 3265 numu
1259 3233 1396 3266 anno
1424 3217 1528 3266 733
1550 3253 1564 3279 ‚
1599 3218 1776 3267 aetatis
1804 3218 1903 3281 72,
1943 3219 2133 3271 obiisse
2153 3258 2167 3284 ,
2203 3240 2368 3289 quam

523 3296 853 3364 computandi
884 3298 1140 3348 rationem
1167 3299 1309 3349 unde
1342 3298 1433 3349 ille
1461 3301 1713 3366 acceperit
1734 3336 1748 3362 ‚
1781 3316 1888 3350 non
1918 3302 2173 3372 intelligo.

394 3379 478 3445 (2)
515 3378 643 3428 vid.
679 3379 862 3445 Suppl.
915 3381 1157 3430 chronol.
1202 3396 1366 3431 unm
1414 3383 1623 3431 Histor.
1662 3383 1720 3429 in
1747 3383 1950 3432 Rerum
1983 3385 2126 3436 Brit.
2169 3387 2362 3458 Script.

534 3466 739 3516 Vetusi.
782 3481 836 3531 p.
865 3466 987 3515 229.
1058 3464 1196 3515 Gur..
1233 3466 1480 3515 Malmsb.
1516 3465 1555 3515 l.
1585 3465 1623 3516 l.
1693 3465 1894 3516 Smton
1938 3468 2187 3519 Dunelm.
2225 3474 2370 3539 aput}

529 3547 578 3599 X
606 3546 851 3616 Scriptor.
926 3545 1063 3598 coll.
1097 3550 1130 3598 8
1161 3558 1212 3598 et
1236 3549 1322 3598 77.
1393 3549 1636 3600 Hennes
1680 3550 1883 3600 Annal.
1926 3551 2061 3602 inter
2088 3553 2376 3610 Historioos:

525 3643 642 3702 post
673 3647 841 3682 annm
868 3650 922 3701 p.
952 3632 1073 3683 402.
1110 3631 1304 3684 Swnns
1336 3636 1460 3686 Act.
1495 3635 1648 3685 Pont.
1681 3635 1912 3686 Eborac.
1940 3634 2183 3688 Column.
2212 3641 2368 3693 1696.

524 3715 609 3769 Cf.
653 3732 927 3770 maxumi.
965 3719 1088 3768 Act.
1132 3719 1327 3769 Bened.
1359 3719 1475 3771 Sec.
1522 3718 1615 3769 III.
1662 3719 1804 3769 Parte
1846 3718 1886 3769 I.
1932 3719 1963 3784 §
1996 3722 2045 3770 7.
2078 3731 2129 3772 et
2155 3740 2205 3772 A.
2241 3738 2358 3776 mci

531 3805 660 3854 Crit.
692 3803 837 3853 Hm.
877 3803 1067 3852 Chron.
1101 3803 1304 3854 Annal.
1339 3818 1550 3855 mmoml
1586 3802 1737 3854 Tom.
1765 3801 1854 3852 IX.
1885 3821 1939 3870 p.
1966 3805 2119 3856 1117.
2149 3809 2232 3856 n0.
2261 3808 2366 3856 IV..

527 3884 808 3953 Scripserat
836 3902 1044 3952 quoque
1093 3902 1247 3938 surm
1291 3890 1347 3937 in
1388 3899 1507 3939 nota
1535 3888 1598 3939 ad
1628 3890 1807 3956 Epist.
1840 3890 1910 3938 ad
1949 3904 2215 3953 scararum
2258 3905 2368 3936 an·-

526 3985 654 4017 num
695 3969 866 4020 obitus
910 3984 1066 4019 nunu
1111 3971 1215 4021 734
1259 3973 1451 4033 fuisse,
1507 3973 1597 4022 sed
1653 3974 1709 4022 in
1762 3973 2077 4022 Praefatione
2136 3988 2361 4022 errorem

529 4053 781 4115 correxit,
825 4053 1169 4103 certissimum
1213 4070 1324 4105 esse
1368 4054 1583 4117 dicens,
1629 4072 1749 4104 eum
1791 4056 2028 4122 proximo
2071 4070 2206 4103 anno
2257 4058 2369 4108 vita*

519 4152 630 4186 esse
658 4136 979 4187 defunctum.

389 4219 472 4288 (3)
514 4218 598 4273 Cf.
631 4235 866 4273 wAnmus
895 4224 951 4272 in
981 4220 1148 4274 Praef.
1178 4222 1243 4272 ad
1276 4220 1415 4274 Edit.
1463 4221 1652 4289 opusc.
1682 4234 1840 4271 unu
1864 4257 1878 4284 ,
1918 4219 2132 4271 Dublin.
2170 4222 2334 4272 1664..
