2922 5195
1343 464 1386 525 9

442 649 593 730 Quo
647 670 815 712 anno
870 662 1049 712 natus
1107 648 1191 711 sit
1255 661 1423 711 nnn-4
1442 694 1460 729 ,
1531 650 1678 713 satis
1737 665 1916 715 certo
1976 651 2105 718 dici
2153 672 2390 744 potest.

350 767 515 830 Sunt
559 765 811 853 quidem
858 767 1069 855 plures
1115 766 1287 852 iique
1337 766 1553 830 bonae
1604 781 1799 831 notae
1850 767 2238 858 Scriptores,
2286 777 2394 861 qui

352 906 586 948 annum
633 883 761 971 677
814 887 945 970 ejus
1001 884 1283 949 natalem
1326 899 1608 948 statuant
1648 884 1785 973 (1),
1848 901 1915 951 at
1980 887 2050 951 in
2106 912 2392 957 errorem

347 1024 415 1066 se
459 1001 606 1066 duci
661 1000 829 1090 passi
871 1018 1018 1066 sunt
1075 1002 1152 1065 iis
1180 1049 1200 1084 ‚
1250 1025 1412 1088 quae
1463 1000 1831 1090 appendicis
1889 1004 2087 1069 instar
2132 1005 2215 1071 ad
2274 1007 2397 1073 cal·

347 1142 491 1184 cem
535 1115 858 1183 Historiae
907 1142 943 1182 a
993 1141 1161 1182 mma
1202 1119 1603 1208 conscriptae
1655 1097 1972 1210 leg-untur.
2072 1122 2396 1190 Nimirum

346 1239 440 1301 ita
499 1236 831 1302 concludit
881 1253 1144 1304 auctor:
1218 1238 1385 1302 «Hic
1432 1252 1529 1301 est
1573 1240 1643 1301 iu
1703 1240 2200 1326 praesentiarum
2257 1242 2395 1306 uni-

344 1376 560 1419 versae
604 1370 798 1419 status
845 1357 1228 1420 Britanniae
1253 1402 1273 1437 ‚
1337 1377 1507 1420 anno
1559 1352 1864 1420 adventus
1920 1357 2277 1444 Anglorum
2325 1359 2395 1423 in

340 1474 752 1544 ‚Britanniam
817 1474 1073 1539 circiter
1138 1471 1266 1539 285
1298 1521 1316 1556 ‚
1391 1471 1753 1538 dominicae
1824 1489 2037 1539 autem
2103 1475 2395 1558 lucarna-

344 1590 540 1654 tionis
621 1612 789 1653 anno
859 1591 1421 1679 septingentesimo
1494 1591 1818 1654 tricesimo
1891 1592 2103 1677 primo
2126 1639 2144 1674 ‚
2158 1621 2186 1646 w
2267 1608 2394 1659 cet.

344 1692 693 1771 Historiam
763 1707 1046 1794 sequitur
1109 1707 1497 1772 breviarium
1559 1729 1671 1771 seu
1735 1707 2017 1797 epitome
2049 1743 2054 1748 ·
2081 1706 2394 1795 quaedam

342 1825 538 1920 totius
603 1825 814 1913 operis
886 1826 1194 1889 chronica
1220 1872 1240 1907 ‚
1309 1847 1512 1911 eaque
1572 1822 1654 1889 ad
1719 1847 1957 1890 annum
2005 1824 2131 1914 731
2169 1799 2396 1915 ‘usque

338 1940 719 2031 procedens..
814 1941 1022 2008 Porro
1062 1942 1240 2032 operi
1282 1941 1567 2031 adjungit
1616 1964 1785 2008 anna
1822 1943 1992 2007 vitae
2031 1965 2182 2007 suae
2215 1966 2394 2009 com-

340 2057 644 2147 pendium
663 2105 686 2139 ,
757 2058 826 2123 in
885 2082 1017 2145 quo
1088 2081 1157 2124 se
1220 2081 1460 2124 annum
1535 2059 1756 2124 aetatis
1807 2059 2396 2149 quinquagesimum

345 2197 590 2241 nonum
619 2175 895 2265 attigisse
926 2175 1144 2243 tradit.
1192 2176 1486 2264 Denique
1509 2174 1795 2241 Iudicem
1825 2177 2082 2241 exhibet
2106 2177 2396 2246 omnium

334 2292 657 2357 librorum
720 2316 758 2357 a
814 2315 884 2360 se
936 2292 1144 2357 adhuc
1216 2294 1728 2382 conscriptorum
1742 2340 1762 2375 ‚
1823 2293 2246 2380 precibusque
2299 2294 2394 2359 fa-
2432 2344 2447 2355 .

345 2410 464 2475 ctis
490 2408 685 2478 finem
715 2408 1059 2478 scribendo
1094 2411 1392 2499 imponit.
1486 2410 1522 2474 J
1523 2433 1626 2476 am
1655 2433 1809 2477 vero
1824 2459 1845 2495 ,
1890 2435 2084 2498 quum
2113 2412 2395 2502 epitome

548 2770 686 2821 there
726 2769 773 2818 is
814 2784 851 2819 a
889 2766 1042 2827 well,
1094 2764 1261 2814 called
1298 2762 1497 2813 Bede’s
1522 2762 1640 2812 well
1659 2797 1677 2826 ,
1720 2767 1772 2813 to
1801 2764 1969 2814 which
1996 2779 2058 2814 as
2084 2764 2190 2815 late
2217 2781 2278 2817 aa
2306 2767 2390 2818 the

552 2866 685 2917 year
738 2850 878 2901 5740
898 2882 914 2910 ,
979 2848 1019 2896 it
1065 2860 1176 2895 was
1218 2860 1253 2894 a
1285 2846 1593 2911 prevailing
1640 2849 1839 2895 custom
1878 2850 1930 2896 to
1971 2848 2129 2913 bring
2166 2849 2394 2902 children

550 2933 789 2984 troubled
828 2931 955 2981 with
999 2945 1107 2999 any
1147 2929 1343 2980 disease
1385 2945 1449 2979 or
1490 2930 1791 2999 infirmity,·
1840 2946 1875 2980 a
1913 2931 2136 2983 crooked
2151 2936 2252 3000 pin
2280 2951 2394 2986 was

538 3022 647 3085 put
690 3019 747 3067 in
766 3051 784 3080 ,
836 3016 945 3066 and
986 3015 1067 3066 the
1101 3016 1219 3065 well
1263 3016 1416 3065 laved
1454 3016 1555 3082 dry
1584 3016 1805 3066 between
1833 3017 1954 3067 each
1981 3018 2219 3085 dipping.
2287 3021 2388 3090 My

546 3103 843 3168 informant
890 3100 987 3150 has
1036 3115 1153 3148 seen
1195 3103 1392 3167 twenty
1439 3099 1671 3148 children
1712 3099 1937 3163 brought
1979 3103 2209 3165 together
2248 3120 2315 3153 on
2358 3121 2395 3155 a

550 3183 773 3252 Sunday
804 3187 856 3234 to
884 3182 941 3232 be
969 3181 1157 3248 dipped
1182 3181 1238 3230 in
1268 3181 1370 3231 this
1397 3181 1518 3231 well
1530 3197 1554 3240 ,·
1588 3185 1648 3231 at
1675 3181 1841 3231 which
1856 3182 1966 3232 also
1984 3218 2000 3246 ,
2038 3200 2106 3234 on
2122 3184 2393 3236 Mideum-

542 3283 774 3320 mer-eve
794 3303 810 3330 ,
864 3266 1004 3316 there
1046 3279 1160 3314 was
1203 3280 1238 3314 a
1274 3269 1431 3328 great
1475 3268 1646 3315 reeort
1686 3266 1753 3331 of
1772 3265 2154 3331 neighbouring
2172 3266 2387 3334 people‚

545 3352 675 3402 with
703 3352 924 3416 bonfires
945 3384 961 3411 ,
999 3350 1167 3398 music
1191 3355 1291 3397 etc.
1317 3377 1341 3395 t

416 3433 500 3502 (1)
539 3432 628 3485 Sic
655 3446 838 3482 amnon
873 3431 1125 3479 Dunelm.
1157 3427 1363 3493 (floruit
1391 3427 1509 3478 Sec.
1536 3427 1678 3495 XII.)
1712 3429 1772 3478 de
1801 3430 2052 3481 Dunelm.
2081 3431 2231 3482 Eccl.
2255 3449 2305 3484 c.
2334 3434 2387 3487 8-

544 3525 597 3568 οἱ
637 3516 695 3565 in
720 3515 901 3581 Epist.
945 3512 1005 3563 de
1031 3511 1357 3576 Archiepisc.
1400 3511 1632 3561 Eborac.
1662 3511 1719 3560 in
1746 3512 1864 3562 init.
1885 3547 1902 3576 ,
1942 3521 1995 3563 et
2024 3514 2117 3580 qui
2149 3529 2272 3564 eum
2300 3513 2391 3566 hic

550 3598 616 3650 ad
657 3596 876 3650 verbum
919 3595 1027 3647 fere
1071 3593 1356 3656 describit,
1409 3607 1601 3645 raons
1644 3607 1824 3644 siuns
1871 3591 1959 3659 (fl.
1986 3592 2105 3646 Sec.
2133 3594 2295 3665 ΧΠ.)
2330 3597 2387 3648 in

544 3682 771 3734 Actibus
827 3680 1032 3746 Pontis.
1088 3678 1521 3728 Eboracensium.
1620 3674 1743 3727 Vid.
1798 3675 1935 3744 apud
1977 3678 2123 3728 Hist.
2169 3680 2388 3744 Anglic.

548 3766 844 3833 Scriptores
873 3763 950 3815 X.
980 3760 1148 3814 Lond.
1177 3760 1334 3813 1652.
1361 3778 1482 3829 pag.
1510 3760 1546 3810 4
1564 3797 1581 3824 ‚
1620 3759 1689 3811 76
1724 3770 1775 3811 et
1801 3778 1921 3830 pag.
1948 3763 2106 3814 1695.
2142 3762 2385 3816 Eundem

544 3865 740 3898 annum
784 3848 943 3898 habet
992 3847 1343 3910 Chronologia
1386 3859 1595 3897 sonna
1634 3845 1771 3897 Abb.
1809 3845 1866 3895 S.
1897 3846 2049 3896 Petri
2075 3846 2134 3896 de
2160 3847 2385 3911 Burgv,

545 3929 684 3997 apud
725 3931 872 3981 Hiet.
919 3930 1088 3994 Angl.
1134 3928 1425 3995 Scriptores
1452 3930 1632 3979 varios
1660 3944 1685 3979 e
1713 3928 1870 3979 MSS
1906 3929 2028 3980 edit.
2066 3944 2101 3978 a
2127 3943 2173 3977 s.
2201 3943 2387 3980 suan

548 4010 717 4064 Lond.
752 4012 912 4064 1723.
992 4011 1167 4063 Etiam
1188 4047 1206 4076 ,
1257 4011 1398 4080 quod
1427 4012 1624 4074 miror,
1662 4026 1776 4063 aon.
1804 4026 2022 4074 suurn,
2061 4010 2153 4076 qui
2181 4004 2387 4064 cetero-

543 4095 676 4168 quin
716 4095 989 4151 accuratior
1028 4105 1143 4160 est,
1193 4105 1250 4146 ut
1294 4102 1504 4161 apparet
1545 4109 1609 4147 ex
1656 4090 1853 4141 calculo
1899 4089 2019 4141 Vol.
2046 4088 2115 4142 II.
2143 4109 2264 4161 pag.
2295 4095 2381 4148 69.

546 4176 876 4249 reperiunda.
1350 4207 1356 4215 ·
