2922 5195
1551 468 1631 528 12

564 676 721 743 prae
758 648 986 716 ceteris
1026 648 1108 712 ab
1149 668 1232 711 eo
1279 643 1549 709 dilectus
1576 643 1765 708 fuisse
1799 660 1985 731 atque
2016 648 2388 717 honoratus.
2484 649 2614 732 Qui

563 792 761 857 quum
822 767 1015 856 ipsius
1083 786 1418 828 rnnonolu
1436 810 1454 845 ‚
1539 762 2025 851 Archiepiscopi
2095 766 2612 849 Cantuariensz‘s,

566 886 968 953 celeberrimi
1020 883 1298 947 nominis
1349 882 1500 963 viri,
1561 879 1816 945 auditor
1864 882 2057 945 fuerit
2111 898 2178 946 et
2232 881 2576 971 discipulus
2595 931 2614 967 ‚

562 1027 790 1070 eorum
837 1005 906 1066 in
965 1023 1236 1065 numero
1292 999 1467 1063 hunc
1527 999 1715 1062 fuisse
1770 1000 2006 1088 opinor
2026 1047 2044 1082 ‚
2111 1023 2269 1088 quos
2322 1002 2621 1066 Latinam

565 1120 1003 1206 Graecumque
1044 1119 1326 1207 linguam
1372 1140 1573 1204 aeque
1612 1139 1688 1181 ac
1739 1118 2016 1205 patrium
2076 1141 2437 1183 sermonem
2496 1143 2621 1184 no-

562 1239 724 1304 visse
776 1259 945 1303 unm.
990 1237 1227 1319 refert3
1289 1235 1379 1300 ita
1436 1250 1509 1298 ut
1564 1235 1926 1322 quicunque
1982 1235 2365 1302 lectionibus
2421 1238 2616 1302 sacris

563 1371 874 1446 cuperent
922 1353 1198 1436 erudiri,
1256 1354 1327 1418 in
1378 1368 1688 1444 promptu
1725 1353 2033 1417 haberent
2074 1355 2441 1443 magistrOS,
2504 1355 2617 1442 qui

561 1473 898 1539 docerent.
1000 1471 1140 1536 Hos
1190 1494 1348 1536 vero
1371 1518 1391 1553 ‚
1464 1495 1658 1559 quum
1711 1494 1831 1536 suo
1890 1486 2182 1560 tempore
2236 1471 2615 1561 superfuisse

558 1606 829 1657 testetur
881 1611 1083 1673 ΒΒΒΑ,
1147 1590 1300 1677 quin
1359 1589 1496 1677 ipse
1558 1587 1830 1654 audierit
1845 1636 1864 1672 ‚
1936 1589 2145 1655 nullus
2211 1588 2437 1654 dubito
2484 1589 2602 1678 (1).

567 1705 877 1772 Ordinem
924 1730 1124 1796 porro
1179 1706 1480 1772 cantandi
1497 1754 1517 1789 ‚
1576 1705 1921 1795 psallendi,
1982 1724 2172 1796 atque
2225 1708 2292 1772 in
2345 1709 2617 1773 ecclesia

566 1822 965 1890 ministrandi
1005 1827 1181 1909 juxta
1204 1830 1484 1888 'morem
1528 1825 1859 1889 Romanae
1899 1826 2343 1909 institutionis,
2389 1825 2618 1891 didicit

563 1945 647 2011 ab
684 1966 934 2009 sonum
973 1942 1121 2026 illo,
1170 1942 1478 2006 ecclesiae
1518 1964 1572 2007 s.
1608 1964 1800 2005 rarat
1832 1943 2068 2006 Romae
2099 1943 2568 2006 Archicantore
2591 1991 2609 2026 ‚

560 2085 755 2151 quem
787 2083 1218 2143 manaremus,
1264 2060 1703 2124 consentiente
1735 2081 2083 2124 Acnnomz
2120 2059 2295 2148 Papa
2312 2107 2331 2141 ‚
2379 2060 2448 2123 in
2481 2060 2617 2123 Bri·

562 2180 849 2246 tanniam
896 2176 1265 2243 adduxerat.
1360 2177 1505 2242 Hac
1545 2192 1759 2242 autem
1797 2178 1869 2242 in
1910 2193 2045 2242 arte
2087 2193 2331 2242 tantam
2371 2178 2610 2242 famam

564 2296 737 2387 apud
772 2297 1022 2384 Anglos
1074 2310 1295 2360 nactus
1345 2309 1441 2360 est
1481 2315 1793 2378 sommas,
1848 2309 1954 2377 ut,
2010 2310 2171 2360 teste
2216 2319 2384 2360 unm
2405 2344 2423 2379 ‚
2473 2319 2607 2361 non

561 2413 772 2481 solum
817 2413 914 2477 sui
958 2412 1326 2477 monasterii
1341 2459 1360 2493 ‚
1422 2413 1470 2476 i.
1526 2435 1587 2477 e.
1638 2415 1734 2478 W
1728 2412 2205 2495 iremutkensis‚
2266 2414 2493 2479 fratres
2542 2436 2610 2478 se

569 2529 898 2599 docendos
939 2530 1001 2595 ei
1043 2528 1305 2613 darent,
1367 2552 1593 2594 verum
1637 2529 1831 2593 etiam
1877 2544 1948 2592 ut
1984 2530 2276 2595 homines
2313 2530 2615 2596 cantandi

563 2651 759 2743 periti
803 2672 884 2716 ex
928 2648 1224 2714 omnibus
1268 2670 1436 2738 pene
1482 2646 1764 2734 ejusdem
1802 2647 2172 2736 provinciae
2211 2651 2613 2715 monasteriis

566 2769 650 2835 ad
690 2770 871 2834 illum
918 2764 1302 2832 audiendum
1348 2766 1767 2832 convenirent
1795 2764 1917 2855 (2).

657 2890 925 2951 Brevem
973 2907 1174 2971 porro
1220 2885 1388 2946 vitae
1418 2905 1603 2963 suae,
1653 2884 1828 2944 nulla
1871 2905 2085 2946 rerum
2111 2886 2418 2950 varietate
2458 2885 2609 2950 insi·

565 3005 738 3095 gnis,
789 2999 1257 3088 expositionem
1299 2998 1437 3086 ipse
1482 2998 1549 3061 in
1592 2996 1719 3063 fine
1746 3000 2073 3064 Historiae
2111 3000 2334 3065 Gentis
2370 3002 2620 3090 Anglo-

571 3145 711 3186 rum
743 3116 921 3183 dedit
958 3137 1164 3199 mnu,
1199 3117 1268 3179 in
1293 3115 1425 3180 hoc
1452 3138 1741 3203 quoque,
1776 3133 1846 3181 ut
1878 3119 1967 3183 ait
1993 3118 2619 3206 Malmesburiensz‘s,

565 3236 903 3309 laudabilis
918 3283 937 3318 ,
984 3230 1159 3322 quod
1206 3231 1700 3320 quantulamque
1746 3234 1841 3299 sui
1880 3235 2315 3324 cognitionem
2345 3239 2618 3326 posteri-

778 3605 1000 3674 Bened.)
1048 3604 1282 3656 dubitare
1326 3604 1414 3656 hio
1453 3605 1662 3657 videtur
1687 3615 1936 3675 putatque
1963 3609 2151 3658 rectius
2181 3623 2348 3662 annin
2375 3610 2616 3681 discipu-

776 3690 891 3741 lum
931 3689 1037 3738 dici
1075 3701 1280 3739 sonnis
1323 3688 1469 3739 illius
1511 3688 1926 3752 Archicantoris,
1980 3689 2046 3741 de
2076 3708 2179 3759 quo
2219 3693 2330 3760 ipse
2361 3706 2529 3745 narrat
2557 3696 2618 3747 in

781 3772 931 3823 Hist.
968 3770 1116 3820 Eccl.
1147 3769 1266 3820 Lib.
1297 3770 1390 3822 IV.
1427 3788 1474 3821 c.
1505 3770 1606 3834 18,
1645 3780 1701 3821 ut
1726 3782 1778 3822 et
1807 3772 1866 3821 in
1908 3772 2056 3823 Hist.
2086 3774 2282 3825 Abbat.
2315 3774 2536 3828 lVirem.
2569 3784 2622 3830 et

785 3856 1067 3984 Gyrw.d—
1101 3852 1253 3905 Recte
1285 3853 1503 3921 quidem
1531 3852 1631 3905 hoc
1657 3891 1673 3919 ,
1710 3854 1843 3906 illud
1871 3867 2046 3908 tamen
2073 3873 2164 3909 cur
2190 3859 2489 3927 negandum
2517 3863 2583 3913 sit
2602 3898 2621 3927 ,

778 3954 887 3988 non
919 3953 971 3987 vi
1010 3952 1091 3986 eo.

651 4023 735 4091 (1)
776 4024 922 4073 Hist.
951 4021 1100 4071 Eccl.
1128 4018 1246 4071 Lib.
1278 4019 1369 4072 IV.
1395 4036 1443 4070 c.
1472 4019 1525 4071 2.

652 4105 736 4174 (2)
774 4105 910 4155 Bru
948 4105 1093 4155 Hist.
1123 4104 1272 4154 Eccl.
1316 4102 1377 4153 L.
1408 4102 1504 4155 lv.
1527 4120 1574 4154 c.
1603 4104 1690 4156 18.
1741 4104 1886 4158 Hist.
1935 4107 2046 4158 Vit.
2077 4107 2272 4160 Abbat.
2305 4108 2526 4161 Wirem.
2563 4117 2614 4160 et

790 4190 977 4255 quw.
1007 4206 1061 4256 p.
1090 4187 1194 4238 226
1224 4186 1364 4239 Edit.
1394 4200 1664 4239 wauton.
