2922 5195
1261 490 1405 552 99-

283 684 637 731 autunum
685 667 857 730 venit
904 666 1023 754 (1).
1121 667 1420 732 Ceterum
1458 681 1658 732 exstat
1694 668 1858 733 liber
1895 666 2063 757 apud
2106 687 2333 734 Mami.-

283 805 540 851 tomum
585 787 653 850 in
698 788 847 851 Act.
898 784 1139 850 Bened.
1191 786 1337 852 See.
1388 787 1504 853 111.
1557 786 1745 853 Parte
1793 786 1876 853 11.
1928 811 1994 875 p.
2051 786 2201 854 502.

1134 1051 1534 1070 ms—-n

290 1310 293 1313 .
367 1256 653 1321 Diximus
703 1257 895 1345 igitur
948 1253 1030 1322 de
1082 1278 1290 1320 mmm
1343 1256 1697 1344 opusculis,
1768 1280 1930 1344 quae
1990 1259 2060 1323 in
2110 1253 2330 1327 Indice

278 1395 411 1438 non
456 1389 914 1441 memorantur.
1009 1374 1201 1439 Nulla
1248 1396 1403 1438 vero
1457 1373 1582 1439 alia
1628 1376 1689 1439 ei
1734 1398 1930 1465 opera
1959 1391 2100 1440 tuto
2133 1377 2330 1442 tribui

276 1513 463 1579 posse
511 1491 826 1557 existimo.
921 1492 1175 1556 Etenim
1189 1539 1209 1572 ,
1261 1490 1441 1579 quod
1470 1492 1889 1582 Evangelium
1919 1515 2186 1559 nonnus
2218 1493 2331 1558 ad-

276 1608 439 1673 tinet
458 1657 477 1691 ,
529 1612 702 1695 cujus
737 1610 1081 1697 Expositio
1100 1656 1119 1690 ,
1169 1609 1237 1672 in
1270 1607 1675 1673 Editionibus
1710 1610 1902 1675 obvia
1918 1657 1937 1691 ,
1987 1633 2025 1674 a
2060 1610 2329 1675 nonnul-

271 1725 351 1790 lis
385 1727 635 1791 auctori
661 1726 768 1790 illi.
790 1725 1172 1791 adscribitur
1187 1775 1206 1809 ,
1248 1741 1505 1792 constat
1529 1741 1806 1811 tantum,
1855 1746 2074 1792 annm
2092 1774 2110 1810 ,
2150 1747 2326 1793 mor·

276 1843 391 1908 bo.
426 1864 726 1930 supremo
769 1844 1170 1908 laborantem
1188 1892 1207 1926 ,
1257 1845 1325 1908 in
1376 1844 1784 1910 vernaculam
1831 1845 2113 1933 linguam
2164 1844 2326 1910 illud

277 1957 627 2025 reddidisse
644 2006 664 2042 ,
720 1976 797 2025 ut
850 1984 932 2026 ex
983 1983 1354 2045 cti-runnu
1403 1960 1702 2047 discipuli
1750 1960 2069 2050 Epistola,
2132 1976 2325 2047 quam

272 2099 462 2165 supra
528 2076 851 2160 dedimus,
920 2077 1094 2142 clare
1154 2077 1390 2142 elucet.
1508 2077 1611 2143 De
1683 2078 2109 2165 Expositione
2167 2100 2322 2143 vero

273 2199 580 2277 somnis,
642 2218 803 2282 quae
841 2196 908 2260 in
952 2193 1355 2260 Editionibus
1395 2196 1585 2261 Basil.
1633 2211 1698 2261 et
1734 2194 1967 2261 Colon.
2007 2195 2195 2260 Tom.
2234 2192 2317 2262 V.

272 2310 542 2401 legitur,
604 2312 797 2402 longe
850 2313 1036 2378 aliter
1081 2334 1181 2377 res
1230 2336 1297 2378 se
1349 2314 1567 2380 babet.
1663 2312 2129 2378 Mamuomus
2184 2316 2324 2401 qni·

271 2427 424 2493 dem
458 2452 804 2494 Amanum
840 2432 1027 2512 citat,
1080 2431 1187 2519 qui
1219 2431 1287 2495 in
1329 2430 1734 2497 Praefatione
1772 2432 2221 2498 Commentarii
2253 2438 2322 2497 in

270 2568 537 2612 somnus
581 2549 1003 2637 Evangelium
1046 2572 1121 2613 ex
1152 2549 1450 2614 Homiliis
1494 2573 1700 2615 nanu
1735 2549 2094 2638 Presbyteri
2123 2548 2324 2616 multa

266 2686 334 2729 se
383 2664 752 2728 adsumsisse
788 2664 1060 2730 fatetur:
1120 2689 1243 2730 nec
1277 2683 1495 2730 tamen
1541 2669 1676 2752 ipse
1722 2664 1911 2746 dicit,
1962 2665 2320 2753 Expositio-

267 2803 418 2844 nem
465 2804 503 2844 a
545 2803 712 2844 mma
756 2781 1115 2869 profectam
1167 2803 1301 2846 esse
1340 2781 1461 2870 (2).
1572 2782 1872 2846 O‘unmus
1907 2797 2133 2847 eontra
2161 2780 2321 2846 nihil

266 2895 447 2961 dubii
516 2920 841 2987 superesse
904 2913 1088 2987 putat
1103 2947 1122 2980 ,
1187 2899 1345 2986 quin
1406 2898 1519 2965 illa
1563 2898 1645 2965 ad
1700 2922 1918 2965 unm
1959 2901 2313 2988 pertineat,

261 3016 697 3081 testimonium
754 3015 1078 3080 adducens
1135 3039 1339 3082 sotum
1356 3064 1374 3098 ,
1433 3019 1738 3104 Episcopi
1786 3019 2273 3088 Aurelianensis
2292 3064 2312 3101 ,

269 3152 585 3195 tunovnu
634 3154 728 3196 1²11
777 3131 1083 3220 aequaliS,
1147 3134 1254 3219 qui
1299 3133 1366 3197 in
1414 3133 1555 3200 Lib.
1594 3134 1647 3199 Ι.
1694 3155 1753 3200 c.
1802 3132 1901 3198 13.
1950 3133 2030 3197 de
2059 3134 2315 3205 Institu-

263 3256 434 3314 tione
466 3251 720 3315 Laicali
736 3300 756 3334 ,
807 3275 1102 3320 versuum
1146 3251 1392 3340 aliquot
1428 3270 1756 3321 auctorem
1803 3275 2021 3320 mmm
2061 3252 2215 3317 citat
2244 3252 2313 3317 in

261 3368 544 3433 Homilia
572 3376 641 3431 in
676 3370 740 3431 E
743 3368 1096 3456 vangelium
1130 3376 1467 3457 vigesima,
1504 3371 1614 3435 ubi
1644 3370 1754 3435 ille
1783 3372 2064 3434 secunda
2095 3371 2311 3460 legen-

261 3484 417 3550 dum
461 3509 594 3551 esse
637 3501 850 3575 putat,
903 3488 1204 3574 quoniam
1253 3486 1450 3552 iidem
1490 3510 1704 3553 versus
1748 3489 1813 3551 in
1852 3485 2132 3552 secundo
2165 3489 2308 3551 Ex-

248 3611 588 3691 positionis
631 3605 841 3693 capite
883 3620 1127 3670 exstant
1162 3604 1280 3692 (3).
1378 3606 1467 3670 At
1504 3628 1656 3670 vero
1676 3654 1694 3688 ,
1749 3628 1942 3693 quum
1989 3620 2053 3669 et
2085 3628 2304 3669 Ancur-

828 3778 939 3786 *-

346 3875 431 3944 (1)
470 3876 623 3930 «Hoc
658 3888 884 3941 constat,
923 3879 1051 3930 dicit
1077 3894 1230 3930 snt-ru
1253 3915 1270 3943 ,
1316 3878 1355 3930 l.
1385 3881 1422 3930 1.
1456 3882 1512 3930 in
1544 3891 1697 3944 nota,
1735 3897 1856 3931 eum
1887 3881 1949 3930 ud
1982 3881 2178 3948 Regem
2206 3896 2305 3931 ve-

467 3962 606 4012 nisse
649 3973 767 4014 ante
812 3979 1008 4013 annum
1052 3964 1194 4026 705,
1246 3965 1368 4031 quia
1412 3981 1476 4014 eo
1517 3981 1654 4015 anno
1696 3981 1791 4016 rex
1831 3975 2060 4015 mortuus
2098 3974 2206 4014 est:
2247 3967 2305 4015 in

465 4059 521 4094 re
565 4045 728 4113 igitur
766 4056 869 4096 tam
911 4045 1125 4097 obseura
1164 4062 1420 4097 nurum
1468 4050 1825 4098 auctoritatem
1869 4057 2006 4098 tutus
2050 4064 2303 4116 sequor.»

347 4129 432 4197 (2)
472 4131 598 4181 Act.
643 4130 770 4181 ord.
807 4132 1001 4182 Bened.
1038 4132 1157 4183 Sec.
1191 4131 1286 4182 111.
1330 4131 1471 4183 Parte
1508 4131 1550 4181 Ι.
1590 4133 1671 4180 n0.
1709 4132 1795 4181 10.

345 4211 431 4279 (3)
477 4215 755 4267 Comment.
791 4215 829 4267 l.
865 4233 911 4267 c.
950 4234 1001 4283 p.
1038 4216 1191 4266 1696.
