2922 5195
1302 502 1386 565 29

327 704 466 752 ram
511 684 723 768 duxit,
783 700 848 750 et
876 684 1195 773 praefatus
1224 683 1496 773 puer-(1)
1529 683 1722 749 dixit:
1773 684 2043 752 «Adhuc
2085 708 2208 753 una
2234 711 2373 756 sen·

330 804 564 885 tentia,
615 804 915 893 Magister
955 802 1187 867 dilecte
1209 851 1228 885 ,
1285 826 1419 866 non
1481 819 1576 867 est
1625 802 2006 891 descripta.»
2080 808 2167 870 At
2218 809 2365 874 illex

328 919 621 1003 (Scribe,
657 921 896 1008 inquit,
934 921 1132 986 cito.»
1176 921 1334 984 Post
1367 918 1694 984 modicum
1726 919 1884 984 dixit
1913 944 2104 1010 puer:
2129 925 2369 990 «Modo

324 1040 635 1102 sententia
665 1037 985 1127 descripta
1017 1053 1149 1102 est»
1181 1037 1298 1126 (2).
1346 1039 1433 1100 At
1464 1038 1605 1104 ille:
1644 1041 1894 1121 «Bene,
1931 1041 2173 1127 inquit,
2208 1043 2372 1106 veri*

326 1171 524 1221 tatem
557 1155 801 1221 dixisti:
863 1170 1370 1220 consummatum
1402 1171 1534 1238 est3
1581 1157 1802 1245 accipe
1834 1173 2026 1245 caput
2060 1182 2274 1223 meum
2302 1160 2373 1224 in

324 1296 548 1338 manus
592 1290 731 1337 tuas
768 1274 901 1363 (3),
954 1274 1101 1361 quia
1145 1273 1414 1337 multum
1451 1297 1556 1337 me
1593 1272 1869 1338 delectat
1897 1273 2117 1340 sedere
2150 1300 2227 1340 ex
2259 1275 2372 1341 ad-

322 1413 505 1455 verso
535 1391 686 1456 loco
717 1407 940 1456 sancto
976 1414 1156 1473 mee,
1197 1392 1266 1454 in
1300 1414 1428 1478 quo
1464 1413 1650 1455 orare
1682 1392 1965 1456 solebam
1988 1440 2007 1474 ,
2045 1408 2118 1457 ut
2151 1409 2217 1457 et
2247 1417 2369 1483 ego

324 1508 550 1574 sedens
581 1510 841 1573 Patrem
874 1533 1090 1574 meum
1134 1510 1436 1574 invocare
1479 1510 1741 1598 possim.
1761 1539 1788 1566 ι»
1858 1512 1940 1575 Et
1974 1512 2065 1576 sic
2097 1511 2163 1575 in
2195 1513 2375 1600 pavi·

324 1642 545 1690 mento
580 1649 727 1691 suae
762 1626 1012 1691 casulae
1045 1626 1421 1691 decantans:
1461 1625 1723 1690 «Gloria
1750 1628 1961 1710 Patri,
1987 1629 2061 1692 'et
2086 1629 2279 1711 Filio,
2310 1646 2376 1694 et

322 1744 589 1835 Spiritui
641 1743 879 1809 Sancto
899 1776 959 1826 ,ν
1012 1768 1156 1809 cum
1217 1744 1524 1833 Spiritum
1592 1742 1895 1838 Sanctum
1948 1746 2332 1810 nominasset
2350 1793 2371 1829 ,

323 1863 618 1951 spiritum
664 1886 701 1927 e
747 1884 1019 1950 corpore
1063 1853 1376 1926 exhalavit
1417 1860 1712 1924 ultimum
1734 1908 1752 1943 ‚
1796 1884 1871 1924 ac
1905 1862 1996 1925 sic
2029 1885 2224 1951 regna
2257 1862 2374 1927 mi·

321 1980 526 2069 gravit
575 1978 657 2043 ad
691 1980 992 2045 coelestia
1030 1977 1145 2068 (4).
1223 1978 1464 2043 Omnes
1499 1993 1747 2059 autem,
1798 1979 1905 2066 qui
1943 1977 2242 2042 viderunt
2274 1979 2367 2067 (5)

320 2098 496 2162 beati
528 2097 733 2161 Patris
766 2098 1016 2161 obitum
1050 2095 1178 2185 (6),
1216 2119 1541 2184 nunquam
1579 2119 1647 2160 se
1685 2094 1915 2160 vidisse
1946 2119 2142 2160 unum
2177 2097 2372 2161 alium

322 2215 392 2279 in
422 2230 554 2279 tam
583 2237 814 2304 magna
846 2213 1188 2278 devotione
1225 2230 1415 2301 atque
1447 2214 1905 2301 tranquillitate
1935 2214 2131 2278 vitam
2161 2213 2374 2280 finisse

324 2331 626 2397 dicebant
667 2329 760 2420 (7)
782 2354 823 2395 z·
863 2332 1044 2419 quia,
1102 2333 1266 2396 sicut
1298 2331 1559 2415 audisti,
1621 2355 1948 2419 quousque
1991 2334 2201 2397 anima
2239 2337 2373 2419 ejus

322 2452 390 2515 in
412 2473 687 2539 corpore
711 2449 832 2516 fuit
848 2498 866 2533 ‚
891 2449 1150 2515 «Gloria
1173 2449 1386 2515 Patri»
1414 2467 1479 2516 et
1506 2450 1628 2515 alia
1656 2450 1968 2539 quaedam
1995 2450 2077 2516 ad
2098 2452 2370 2542 gloriam

395 2823 480 2891 (1)
523 2825 664 2873 Puer
712 2822 918 2872 nomine
949 2818 1032 2870 W
1026 2818 1236 2869 ilbereh.
1305 2817 1378 2869 Ita
1403 2818 1542 2869 varia
1569 2816 1725 2869 lectio
1753 2827 1920 2868 notata
1949 2828 2027 2870 est
2054 2817 2191 2886 apud
2220 2833 2332 2871 tn.
2350 2855 2367 2884 ‚

532 2916 585 2957 et
614 2920 728 2957 nui.

392 2989 478 3056 (2)
518 2988 681 3039 Dixit
713 3016 784 3026 —
825 2988 1085 3052 descripta
1126 2989 1218 3036 est.
1291 2983 1458 3035 Aliter
1486 2992 1537 3035 et
1577 2984 1788 3034 confusa
1817 2983 2092 3036 verborum
2122 2994 2369 3037 structura

524 3070 660 3139 apud
703 3085 817 3120 mn.
894 3068 1164 3120 Sententia
1197 3067 1274 3118 ibi
1301 3067 1467 3118 deest.
1538 3067 1634 3118 Pro
1664 3073 1740 3118 est
1762 3068 1919 3120 habet
1945 3075 2126 3122 restat.
2196 3068 2366 3123 Verba

523 3158 581 3204 at
610 3153 694 3202 ille
724 3181 793 3191 —-
823 3153 1079 3219 descripta
1107 3157 1183 3201 est
1209 3150 1364 3219 plane
1403 3150 1725 3203 exciderunt.

389 3238 473 3305 (3)
517 3237 591 3287 In
618 3251 808 3285 manus
837 3240 958 3285 tuas
986 3233 1174 3285 desunt
1202 3234 1339 3303 apud
1373 3250 1479 3284 sm.
1509 3235 1661 3286 Dun-

392 3320 476 3386 (4)
521 3320 651 3370 Cum
693 3321 939 3384 spiritum
981 3347 1052 3357 —-
1094 3321 1350 3369 coelestia.
1435 3320 1531 3370 Pro
1570 3323 1921 3383 nominasset,
1969 3324 2220 3389 spiritum·
2255 3336 2369 3378 ut..

525 3400 683 3450 habet
727 3402 1025 3462 invocavit,
1072 3416 1244 3450 suum.
1318 3401 1569 3452 Braomus
1609 3401 1736 3453 haee
1778 3407 1952 3454 omnia
1991 3406 2148 3473 longe
2176 3405 2363 3471 aliter,

523 3496 576 3537 et
617 3484 834 3554 quidem
880 3486 981 3533 sic:
1052 3485 1167 3533 «Et
1209 3492 1403 3547 cetera;
1447 3484 1693 3535 ultimum
1735 3503 1801 3536 ex
1840 3504 2050 3554 corpore
2108 3488 2368 3539 exhalavit

527 3570 785 3639 spiritum.
859 3566 1029 3634 Atque
1075 3566 1188 3616 sine
1239 3565 1400 3616 dubio
1441 3566 1760 3617 credendum
1803 3577 1913 3630 est,
1959 3569 2082 3636 quia
2122 3588 2217 3637 pro
2262 3585 2362 3634 eo,

522 3653 665 3721 quod
693 3650 781 3702 hic
818 3666 1024 3718 semper
1049 3648 1413 3707 devotissimus
1439 3651 1498 3699 in
1527 3649 1623 3700 Dei
1653 3650 1894 3703 laudibus
1921 3652 2265 3718 laboraverat,
2297 3655 2362 3706 ad

521 3738 708 3807 gaudia
736 3737 1110 3788 desideriorum
1135 3735 1440 3786 coelestium
1470 3738 1643 3786 anima
1670 3739 1784 3805 ejus
1810 3738 1875 3787 ab
1897 3737 2098 3808 angelis
2125 3750 2363 3809 portare-

521 3831 621 3872 tur.
641 3839 756 3870 »—
783 3820 888 3871 Hoc
919 3831 1090 3870 autem
1119 3837 1285 3869 unum
1313 3819 1379 3870 de
1409 3820 1589 3870 multis
1619 3820 1861 3889 exemplo
1893 3822 1989 3885 sit,
2022 3821 2161 3871 unde
2194 3821 2361 3872 intel-

524 3901 733 3970 ligatur,
767 3920 871 3971 quo
901 3903 1056 3953 modo
1085 3902 1371 3971 Scriptores
1400 3903 1615 3970 quidam
1644 3913 1977 3954 monumenta
2004 3905 2321 3970 antiquitatis
2341 3939 2358 3968 ,

524 4004 654 4055 quae
685 3988 747 4042 ad
784 4005 999 4037 manum
1026 3987 1279 4037 haberent
1297 4024 1311 4050 ‚
1349 4004 1442 4053 pro
1471 3986 1688 4037 consilio
1719 4005 1811 4038 suo
1840 3988 2175 4055 corruperint.

389 4071 474 4140 (5)
524 4071 630 4132 Qui
657 4071 838 4121 audire
856 4106 872 4134 ,
907 4071 987 4119 vel
1015 4071 1201 4120 videre.
1248 4070 1372 4120 Ln..
1405 4074 1501 4135 qui
1528 4071 1847 4135 audierunt,
1875 4077 1924 4121 et
1952 4071 2214 4123 viderunt.
2244 4086 2365 4124 nno
2445 4082 2448 4091 '

386 4156 472 4223 (6)
519 4155 731 4205 obitum
761 4169 920 4205 annu
958 4155 1145 4204 Patris
1171 4156 1357 4204 nostri.
1396 4153 1519 4204 Bru.

387 4238 471 4305 (7)
518 4237 607 4291 Sic
620 4239 807 4304 finisse
835 4238 1086 4293 dicebant.
1127 4237 1250 4291 Lu.
1270 4239 1454 4305 finisse
1486 4236 1827 4291 testabantur.
1868 4236 1991 4287 Bm.
