2922 5195
2260 455 2343 499 111

278 664 581 755 pnffecto
610 683 748 730 cum
782 659 891 732 illo
924 671 1137 726 actum·
1169 662 1276 724 sit.
1342 659 1749 746 Quapropter
1777 663 1901 721 mei
1928 679 2066 721 esse
2096 665 2352 740 censui,

299 825 374 879 ut
391 818 671 901 penitius
719 811 1162 897 investigarem
1178 854 1197 889 ,
1247 829 1562 895 quaenam
1605 829 1827 871 revera
1853 805 1938 869 ab
1974 829 2047 869 eo
2076 814 2315 894 scripta
2330 853 2350 890 ,

298 984 616 1052 quaenam
665 958 862 1023 dubia
910 957 1010 1025 vel
1047 964 1268 1044 spuria
1309 953 1607 1020 habenda
1649 961 1801 1022 sint.
1875 955 2069 1043 Quod
2103 955 2358 1044 quidem

299 1130 376 1174 eo
426 1105 749 1174 lubentius
792 1110 1044 1193 peregi,
1100 1109 1400 1192 quoniam
1454 1070 1931 1168 criminationes
1968 1102 2318 1192 plerasque
2333 1145 2355 1187 ,

301 1252 535 1343 quibus
563 1251 853 1320 nonnulli
890 1257 1224 1321 severioris.
1254 1256 1500 1337 ingenii
1536 1271 1834 1314 censores
1859 1254 1928 1314 in
1959 1271 2100 1313 eum
2135 1256 2363 1314 invecti

305 1412 488 1482 sunt,
552 1405 912 1470 maximam>
947 1410 1205 1485 partem
1263 1419 1350 1486 ex
1393 1396 1644 1485 fraude
1695 1404 1762 1461 ei
1798 1399 1997 1485 facm
2053 1403 2365 1485 originem

305 1544 576 1609 duxisse
618 1544 1212 1612 animadverteram.
1270 1545 1619 1612 Praeterea
1655 1543 1941 1631 officium
1976 1545 2137 1610 mihi
2167 1553 2363 1634 impo-

308 1700 501 1758 situm
519 1690 903 1780 judicabam
936 1713 1075 1755 cum
1111 1698 1180 1755 in
1213 1714 1469 1780 operum
1484 1738 1503 1773 ,
1537 1714 1703 1780 quae
1732 1698 1872 1755 sine
1902 1691 2094 1757 dubio
2125 1716 2168 1755 a
2201 1714 2371 1758 mnu

306 1839 603 1928 projecta
654 1853 831 1921 sunt,
886 1851 954 1902 et
997 1838 1328 1903 consilium
1378 1823 1447 1902 et
1482 1852 1922 1927 argumentum
1967 1840 2365 1930 inquirendi,

311 2002 442 2053 tum
470 2010 614 2054 vero
649 2001 958 2076 tempora,
1014 1998 1322 2076 quantum
1356 1991 1541 2075 copia
1567 2000 1739 2070 erat,
1789 1986 2089 2070 notandi,
2140 1986 2369 2076 quibus

314 2135 570 2223 singula
614 2147 764 2198 sunt
804 2132 1154 2199 elaborata.

403 2282 554 2345 Jam
585 2304 671 2344 ex
706 2287 820 2365 iis,
864 2302 1027 2370 quae
1059 2280 1376 2363 diximus,
1420 2288 1583 2346 satis
1617 2282 1994 2373 intelligitur
2020 2291 2162 2373 ipsa
2195 2291 2375 2351 insti-

320 2436 440 2495 tuti
474 2436 598 2494 mei
639 2436 828 2494 ratio,
901 2430 1084 2516 Quae
1123 2428 1203 2493 de
1244 2452 1452 2494 numm
1485 2428 1637 2496 Vita
1682 2444 1750 2496 et
1777 2430 2043 2521 Scriptis
2078 2433 2375 2498 nonnihil

318 2578 478 2642 lucis
511 2576 768 2666 adferre
790 2599 981 2666 posse
993 2574 1310 2666 putabam
1323 2624 1342 2660 ,
1379 2577 1677 2666 colligere
1691 2626 1709 2660 ‚
1750 2578 2111 2645 discernere
2136 2603 2372 2645 meum·

316 2749 440 2816 que
472 2733 540 2789 in
577 2748 757 2789 usum
789 2737 1148 2788 convertere
1180 2723 1416 2788 studui.
1473 2725 1802 2811 Quo-cnam
1817 2725 2046 2812 fontes
2078 2738 2145 2788 et
2178 2724 2373 2792 libros

318 2897 396 2938 eo
428 2871 829 2937 adhibuerim
846 2917 864 2954 ,
912 2892 1027 2934 suo
1057 2870 1194 2934 loco
1228 2869 1528 2936 indicavi.

411 3020 697 3085 Ceterum
749 3041 794 3081 a
841 3041 940 3082 me
997 3024 1334 3107 impetrare
1383 3039 1512 3082 non
1544 3040 1812 3106 possum
1826 3066 1845 3101 ,
1912 3033 1982 3083 ut
2020 3020 2371 3110 praefandi
2431 3050 2437 3063 ·

309 3168 513 3254 finem
525 3166 787 3255 faciam
805 3213 824 3249 ‚
849 3170 1232 3255 priusquam
1265 3186 1370 3230 vos
1400 3164 1847 3254 adpellaverim
1863 3214 1882 3250 ,
1918 3168 2064 3232 Viri
2102 3167 2378 3234 Celeber-

321 3320 509 3395 rimi‚
541 3335 870 3395 cmsssn,
903 3333 1028 3376 vm
1059 3333 1355 3394 lumem„
1389 3316 1568 3377 msm!
1608 3320 1720 3402 qui
1742 3315 2138 3380 Facultatem
2181 3315 2379 3380 Theo-

321 3461 596 3549 logicam
635 3464 704 3523 in
747 3457 870 3521 hac
907 3456 1264 3521 Academia
1297 3456 1655 3523 illustratis,
1704 3458 1915 3525 Probe
1946 3459 2201 3550 quidem
2234 3483 2379 3526 sen·

327 3615 450 3690 tio,
509 3630 647 3672 meo
678 3613 1029 3696 praeconio
1086 3628 1202 3669 nec
1253 3605 1637 3696 amplificari
1678 3632 1883 3700 neque
1931 3617 2154 3678 ornari
2182 3634 2379 3701 posse

323 3765 647 3824 nominum
697 3769 1041 3821 vestrorum
1090 3753 1467 3823 claritatem.
1550 3757 1677 3823 Sed
1721 3766 1814 3823 uti
1862 3784 1961 3825 me
2018 3768 2260 3850 insigni
2316 3777 2382 3827 et

320 3905 518 3996 plane
547 3906 860 3996 Singulari
878 3911 1206 3994 prosecuti
1235 3914 1386 3970 estis
1418 3904 1845 3974 benevolentia
1858 3956 1877 3992 ,
1908 3916 2003 3973 sic
2029 3908 2196 3973 nihil
2221 3911 2379 3974 mibi

325 4061 613 4120 sanctius
651 4069 780 4138 est,
840 4077 1034 4144 quam
1063 4078 1187 4143 pro
1233 4061 1429 4122 tantis
1441 4100 1463 4139 ‚
1514 4077 1678 4144 quae
1723 4062 1792 4121 in
1841 4080 1940 4123 me
1982 4058 2373 4144 contulistis,
