2922 5195
1528 465 1606 526 10

535 668 760 744 postea
803 651 885 714 ab
933 672 1014 713 eo
1062 643 1430 711 continuata
1470 646 1553 708 sit
1601 643 1683 708 ad
1733 641 1972 707 >annum
2019 669 2217 733 usque
2273 650 2402 735 734
2443 644 2470 737 ζ
2479 651 2536 737 1)
2560 697 2577 731 ‚

530 771 721 836 facile
780 765 1155 856 intelligitur
1172 812 1194 845 ,
1267 761 1438 827 unde
1503 761 1796 825 nonnulli
1865 785 2102 827 annum
2173 766 2301 852 677
2377 789 2583 831 annu!

534 910 671 954 esse
722 886 1016 951 natalem
1086 882 1426 947 voluerint.
1540 880 1802 968 Opinati
1871 904 2103 969 nempe
2185 896 2331 945 sunt
2362 929 2381 965 ‚
2466 875 2606 948 nisi*

528 1005 723 1072 fallor
744 1052 762 1087 ,
812 1024 1032 1069 numu
1086 1023 1288 1065 annos
1351 999 1433 1065 58
1498 999 1915 1089 complevisse
1933 1047 1953 1082 ‚
2022 1023 2168 1065 cum
2214 1003 2376 1067 haec
2434 1007 2588 1067 scri·

527 1124 713 1188 beret
733 1169 753 1204 ‚
803 1143 972 1185 anno
1029 1117 1158 1208 735
1216 1120 1503 1185 ineunte.
1593 1118 1690 1181 Ex
1733 1134 1954 1183 nostra
2004 1133 2223 1183 tamen
2273 1122 2593 1186 sententia

530 1240 778 1304 nullum
827 1260 1152 1327 superesse
1207 1251 1423 1327 potest
1476 1235 1744 1301 dubium
1769 1281 1790 1319 ,
1866 1238 2023 1324 quin
2085 1238 2254 1303 hanc
2314 1254 2587 1305 aetatem

530 1358 843 1447 attigerit,
925 1380 1124 1443 quum
1204 1356 1559 1420 Historiam
1634 1377 1812 1419 suam
1879 1355 2236 1421 absolveret
2259 1402 2278 1438 ‚
2361 1372 2589 1447 postea

530 1498 688 1542 vero
732 1474 1203 1540 continuaverit
1249 1474 1575 1563 epitomen
1594 1519 1614 1555 ,
1665 1496 1856 1560 quam
1871 1521 1891 1556 ‚
1929 1496 2010 1539 eo
2048 1490 2307 1539 mortuo
2324 1523 2343 1557 ‚
2390 1475 2588 1540 alium

528 1616 723 1682 quem
780 1608 1110 1658 auctorem
1152 1587 1560 1682 persecutum
1597 1613 1733 1656 esse
1788 1606 2066 1658 constat.
2158 1594 2351 1658 Anno
2393 1594 2587 1681 igitur

528 1711 613 1799 73
627 1734 655 1775 1
724 1733 894 1776 nam.
961 1709 1044 1776 ad
1118 1710 1710 1799 quinquagesimum
1762 1732 2007 1775 nonum
2061 1712 2286 1775 aetatis
2344 1733 2584 1775 annum

523 1806 910 1917 pervenerat
930 1870 951 1908 ,
1010 1839 1197 1890 natus
1264 1847 1436 1889 anno
1507 1827 1635 1913 672
1706 1828 1778 1889 in
1841 1826 2069 1892 iisdem
2132 1829 2317 1893 terris
2340 1876 2359 1911 ,
2435 1850 2588 1914 quas

526 1942 785 2010 duobus
833 1944 1015 2008 annis
1072 1958 1223 2032 post
1280 1964 1579 2007 mscorus
1625 1963 2024 2007 nnnnmc‘rus
2070 1965 2108 2007 a
2159 1944 2336 2032 Rege
2382 1945 2590 2032 impe-

528 2063 722 2127 travit
766 2060 852 2126 ad
886 2059 1296 2126 condendum
1337 2061 1831 2145 monasterium,
1880 2064 2058 2147 cujus
2083 2061 2193 2126 ille
2225 2062 2448 2127 lumen
2465 2062 2590 2127 fuit

528 2196 722 2270 atque
767 2193 1238 2245 ornamentum.

621 2298 679 2361 E
718 2297 1094 2382 quibusnam
1134 2296 1505 2386 parentibus
1547 2310 1731 2361 natus
1762 2297 1844 2361 sit
1875 2319 2073 2379 anns,
2125 2297 2404 2385 qualisve
2440 2321 2591 2364 con·

528 2413 796 2479 ditionis
849 2414 945 2477 illi
992 2412 1234 2482 fuerint
1251 2460 1272 2496 ,
1330 2413 1685 2477 memoriae
1739 2411 2072 2477 traditum
2100 2436 2235 2479 non
2286 2431 2405 2483 est.
2497 2416 2592 2480 Ex

529 2532 609 2596 iis
661 2554 819 2596 vero
837 2577 857 2615 ‚
918 2553 1079 2619 quae
1117 2530 1255 2619 ipse
1294 2544 1514 2595 narrat
1551 2528 1675 2620 (2),
1730 2552 1798 2595 se
1844 2545 2090 2630 septem
2137 2555 2337 2596 annos
2368 2548 2589 2629 natum

535 2673 689 2718 cura
733 2649 1244 2739 propinquorum
1290 2671 1658 2713 mzmzmc‘ro
1700 2648 1972 2732 Abbati,
2018 2671 2093 2714 ac
2127 2647 2361 2714 deinde
2396 2673 2592 2714 onor.-

536 2774 741 2833 ‘ramo
793 2765 1199 2832 educandum
1244 2789 1379 2832 esse
1433 2760 1689 2849 datum,
1745 2767 2049 2852 conjicias
2080 2791 2269 2852 eum,
2315 2769 2599 2855 quamvis

536 2886 799 2974 ignom,
834 2905 966 2945 non
990 2898 1203 2946 tamen
1234 2884 1502 2971 ignobili
1529 2906 1763 2970 genere
1795 2906 1930 2948 esse
1959 2883 2326 2953 oriundum.
2365 2888 2602 2973 Hujus·

541 3001 719 3068 modi
772 3013 985 3064 autem
1039 2997 1340 3063 educatio
1385 3000 1567 3087 parvi
1616 3022 1752 3064 non
1798 3000 2190 3066 aestimanda
2238 3018 2369 3085 est,
2434 3026 2596 3090 quo-

530 3114 714 3184 niam
759 3118 874 3182 illo
918 3131 1212 3206 tempore
1252 3117 1359 3182 vel
1389 3138 1570 3206 reges
1615 3118 1852 3182 throno
1886 3141 2003 3183 suo
2038 3117 2438 3185 decedebant
2455 3123 2490 3204 ‚'
2523 3137 2599 3184 ut

534 3238 1012 3327 Episcoporum
1057 3234 1160 3299 vel
1206 3233 1536 3299 Abbatum
1588 3233 1897 3324 dignitate
1943 3236 2305 3324 potirentur
2347 3235 2465 3326 (3).
2505 3274 2589 3288 --

626 3608 709 3680 (1)
747 3608 1004 3661 Hactenus
1047 3618 1100 3658 et
1142 3605 1242 3658 hoc
1283 3606 1468 3657 ordine
1512 3617 1709 3658 servato
1749 3622 1934 3658 omnes
1975 3608 2207 3660 melioris
2236 3619 2385 3661 notae
2413 3609 2559 3664 MSS·
2580 3647 2599 3677 ,

759 3692 1002 3759 egregius
1045 3706 1252 3758 quoque
1280 3682 1374 3740 ille
1419 3688 1603 3742 Codex
1645 3703 1806 3755 nont,
1853 3706 1957 3758 quo
1997 3708 2121 3740 usus
2155 3701 2232 3742 est
2255 3707 2430 3744 sini-11.
2467 3693 2599 3762 Leg.

762 3772 930 3824 Praef.
958 3770 1023 3821 ad
1040 3771 1180 3823 Edit.
1199 3770 1440 3823 Cantabr.
1463 3781 1516 3824 et
1541 3772 1648 3824 vid.
1665 3771 1728 3822 ad
1748 3771 1912 3824 finem
1930 3774 2076 3825 Hist.
2093 3775 2244 3825 Eccl.
2265 3794 2321 3844 p.
2335 3775 2598 3830 als-222.

538 3882 541 3889 [
629 3855 714 3925 (2)
753 3855 891 3907 Bam
917 3856 975 3904 in
1006 3853 1114 3904 fine
1131 3856 1280 3907 Hist.
1306 3856 1509 3907 Eccles.
1518 3858 1695 3921 gentis
1706 3858 2029 3922 Anglorum.
2049 3856 2201 3927 Oper.
2220 3857 2391 3911 T.111.
2406 3862 2601 3929 p.151.

631 3941 718 4012 (3)
758 3939 845 3993 Sic
888 3940 1027 3989 inter
1050 3937 1179 3988 alios
1206 3951 1606 4003 onotwutrnus,
1645 3957 1737 3992 rex
1765 3941 2206 4008 Northumbriae‚
2238 3945 2323 3994 cui
2355 3959 2482 3995 anu
2497 3943 2600 3994 Hi-

764 4025 974 4078 storiam
1017 4039 1161 4074 suam
1190 4021 1484 4088 dedicavit,
1523 4041 1686 4093 regno
1726 4034 1908 4093 sponte
1944 4028 2210 4092 abdicato,
2248 4044 2387 4079 anno
2410 4028 2554 4079 737
2541 4044 2598 4077 m

762 4107 1013 4159 caenobio
1044 4106 1243 4159 insulae
1270 4107 1729 4176 Lindisfarnensis
1756 4109 1913 4160 vitam
1942 4113 2274 4164 monasticam
2306 4113 2429 4180 egit.
2470 4110 2599 4163 Gur..

766 4190 1037 4242 Malmesb.
1080 4193 1223 4242 Gest.
1253 4191 1388 4256 Βε3.
1421 4191 1590 4255 Angl-
1626 4189 1687 4242 L.
1719 4189 1761 4242 1.
1793 4209 1849 4259 p.
1877 4191 1964 4244 24.
