2922 5195
1528 518 1608 579 22

545 703 869 778 morbum,
910 721 1038 785 quo
1072 699 1449 787 plerumque
1492 693 1660 757 affici
1702 695 1941 777 solent,
1975 699 2082 782 qui
2112 697 2316 761 acrius
2336 745 2355 779 ,
2400 718 2588 785 quam

544 818 834 909 corporis
873 817 1039 881 vires
1079 817 1248 880 ferre
1285 829 1588 902 possunt,
1640 814 1925 878 animum
1956 814 2297 879 intendunt
2331 814 2593 898 studiis,

540 938 630 1001 ita
666 952 778 1019 ut,
826 951 986 999 teste
1027 955 1368 997 cumeum
1419 932 1757 997 Malmesb.
1787 980 1807 1013 ,
1856 934 2229 997 «stomacho
2270 934 2597 997 laboraret

543 1076 861 1145 aegroque
917 1068 985 1116 et
1037 1066 1302 1140 angusto
1364 1049 1635 1138 suspirio
1702 1050 2052 1115 anhelitum
2109 1048 2414 1116 duceret»
2469 1050 2596 1139 (1).

545 1173 729 1239 Brevi
779 1171 976 1261 igitur
1033 1185 1183 1259 post
1241 1191 1321 1234 ex
1381 1191 1659 1256 corpore
1711 1169 1908 1232 evasit
1926 1216 1945 1250 ,
1997 1184 2063 1233 et
2088 1216 2107 1250 ,
2158 1184 2231 1232 ut
2280 1184 2375 1233 est
2423 1166 2597 1256 apud

547 1311 904 1355 minumum
929 1335 948 1371 ,
998 1289 1091 1352 «si
1136 1309 1324 1375 quem
1365 1291 1543 1373 juvat
1590 1286 1810 1351 audire
1833 1332 1852 1369 ,
1903 1309 2026 1373 qua
2069 1284 2381 1351 modestia
2404 1334 2423 1368 ,
2475 1309 2602 1374 qua

542 1408 850 1497 patientia
871 1454 892 1489 ,
941 1429 1067 1494 qua
1117 1407 1381 1470 caritate
1403 1451 1423 1487 ,
1476 1428 1600 1491 qua
1652 1403 1929 1491 denique
1983 1403 2281 1467 ferventis
2337 1404 2597 1492 spiritus

544 1523 934 1591 confidentia
982 1524 1215 1588 obierit
1234 1571 1255 1607 ,
1305 1544 1675 1587 Garunnam
1701 1569 1721 1604 ,
1771 1523 1903 1608 ejus
1959 1519 2253 1609 discipuli
2311 1538 2378 1587 et
2427 1545 2596 1587 ama-

544 1642 839 1725 nueusiS,
887 1641 1175 1706 libellum
1214 1639 1299 1705 de
1344 1644 1478 1727 ejus
1520 1656 1731 1704 morte
1775 1640 1978 1729 legat:
2031 1637 2412 1727 quamquam
2460 1662 2594 1703 non

544 1771 831 1825 mortuus
880 1774 975 1822 est
997 1807 1016 1839 ,
1067 1760 1175 1845 qui
1218 1774 1318 1820 tot
1361 1756 1797 1823 eruditissimis
1837 1759 2270 1822 monumentis
2310 1759 2482 1822 vitae
2533 1771 2602 1822 et

426 1889 441 1898 ‘
544 1873 902 1941 aeternitati
961 1887 1364 1937 consecratus
1417 1889 1551 1936 est»
1608 1872 1728 1961 (2).
1823 1876 2092 1938 Brevem
2150 1890 2359 1938 autem
2419 1874 2597 1939 illam

544 1994 977 2059 narrationem
1027 1990 1110 2057 de
1163 2013 1371 2055 mmm
1424 1991 1599 2056 exitu
1656 1992 1786 2055 hoc
1842 1991 1993 2055 loco
2045 2006 2337 2080 repetere
2380 1992 2599 2080 placet

541 2112 695 2202 ipsis
761 2132 1132 2176 cornua-1⁸1
1179 2088 1413 2175 verbiS.
1508 2108 1827 2172 Nimirum
1886 2108 2223 2173 continent
2283 2109 2396 2173 illa
2458 2124 2597 2173 tan-

543 2252 738 2317 quam
788 2244 1273 2293 monumentum
1295 2274 1316 2309 ,
1383 2249 1531 2292 aere
1586 2226 1927 2317 perennius
1948 2274 1968 2309 ,
2036 2226 2212 2313 quod
2253 2225 2600 2315 discipulus

543 2347 613 2411 in
662 2347 981 2410 honorem
1025 2347 1311 2435 magistri
1332 2392 1351 2428 ,
1403 2345 1510 2409 cui
1553 2346 1853 2409 morienti
1896 2343 2215 2427 adfuerat,
2277 2342 2599 2428 condidit,

544 2463 719 2529 dicta
766 2463 1060 2552 factaque
1108 2466 1244 2549 ejus
1297 2462 1525 2527 ultima
1584 2485 1734 2526 cum
1789 2462 1916 2525 alio
1962 2460 2275 2549 discipulo
2300 2509 2319 2545 ,
2370 2464 2431 2527 ei
2483 2461 2597 2527 ad-

543 2580 756 2665 dicto,
827 2580 1309 2646 communicans
1373 2579 1491 2669 (3).
1586 2580 1670 2643 Et
1732 2564 1887 2665 vero
1957 2580 2172 2644 multis
2228 2582 2597 2646 nominibus

544 2698 869 2788 descriptu
907 2698 1099 2788 digna
1138 2697 1467 2779 videntur,
1518 2698 1755 2787 quippe
1798 2674 1959 2786 {luae
2002 2698 2379 2782 interiorem
2429 2699 2562 2763 loci
2577 2746 2596 2782 ,

540 2817 653 2880 ubi
716 2839 887 2880 mnu
947 2817 1107 2881 vixit
1160 2831 1225 2881 et
1280 2831 1570 2881 mortuus
1615 2832 1711 2880 est
1726 2865 1745 2899 ,
1809 2802 2252 2881 eonditionem
2303 2816 2479 2904 quasi
2528 2817 2598 2881 in

539 2931 778 2997 tabella
822 2928 1178 3018 depingunt
1195 2978 1214 3012 ,
1279 2931 1595 3019 simulque
1648 2930 1999 2996 dictionem
2062 2933 2229 2996 illius
2288 2933 2599 3020 temporis

545 3046 732 3113 nobis
776 3061 1254 3135 repraesentant
1267 3095 1286 3131 ,
1348 3061 1418 3112 et
1465 3063 1731 3113 auctore
1776 3047 2036 3136 quidem
2080 3073 2212 3114 uno
2261 3073 2340 3116 ex
2389 3071 2600 3116 mmm

539 3233 963 3242 ——-——.—--—-——-
988 3234 991 3236 >
1020 3232 1084 3237 ——-

617 3326 702 3394 (1)
745 3324 876 3379 Gur..
905 3323 1177 3377 Malmesb.
1206 3323 1265 3374 de
1299 3323 1445 3374 Gest.
1478 3324 1615 3388 Reg.
1644 3325 1794 3388 Ang.
1820 3322 1941 3377 Lib.
1966 3325 2010 3376 1.
2043 3324 2173 3396 Cap.
2203 3326 2257 3379 3.
2285 3344 2407 3396 pag.
2442 3328 2535 3380 23.

615 3409 702 3478 (2)
740 3408 804 3460 In
838 3409 1034 3459 Gomm.
1060 3407 1121 3457 de
1155 3407 1352 3473 Script.
1378 3407 1530 3459 Brit.
1559 3405 1689 3475 Cap.
1720 3409 1806 3459 8⁷.
1833 3411 2043 3477 p.·118.

618 3493 705 3563 (3)
747 3490 880 3544 Gur..
896 3491 1170 3543 Mal-mab.
1187 3490 1429 3542 similiter
1456 3507 1570 3540 rem
1598 3490 1773 3555 tradit,
1803 3492 1943 3559 quod
1959 3502 2134 3544 tamen
2161 3509 2228 3545 ex
2253 3493 2348 3544 hac
2366 3492 2595 3562 Epistola

751 3577 1066 3628 desumsisse
1095 3575 1320 3628 videtur.
1391 3573 1516 3625 vid.
1545 3575 1587 3625 1.
1616 3573 1655 3624 1.
1724 3574 1898 3643 Ipsam
1926 3590 2213 3627 curuum-1
2244 3579 2597 3629 narrationem

749 3659 910 3710 refert
949 3672 1133 3710 anon
1171 3659 1546 3707 Dunelmensis
1574 3657 1697 3724 (seu
1726 3659 1998 3726 runcorus)
2033 3660 2094 3708 de
2120 3661 2374 3712 Dunelm.
2404 3662 2553 3715 Eccl.
2577 3697 2596 3726 ,

749 3741 886 3812 apud
902 3739 1091 3808 Script.
1119 3738 1184 3790 X.
1211 3739 1331 3790 Lib.
1357 3740 1401 3790 Ι.
1431 3738 1562 3811 Cap.
1595 3743 1676 3792 15.
1692 3759 1812 3809 pag.
1844 3743 1896 3793 8.
1934 3740 2085 3793 CAss.
2115 3758 2318 3808 mnam,
2353 3746 2446 3812 qui
2476 3760 2594 3798 eam

749 3840 817 3875 ex
831 3823 1166 3875 Editionibus
1183 3823 1413 3894 Operum
1443 3840 1606 3876 Βιοιε
1621 3824 1916 3895 descripsit,
1934 3828 2139 3878 Annal.
2153 3829 2300 3879 Eccl.
2316 3829 2381 3878 ad
2397 3847 2596 3886 annum

748 3907 872 3958 ¹731.
897 3908 984 3957 n⁰.
1009 3906 1322 3958 xx-XXIII.
1352 3906 1495 3959 Edit.
1526 3923 1643 3958 mci
1683 3908 1829 3958 1740.
1863 3900 2026 3960 Tom:
2042 3911 2130 3962 IX.
2158 3930 2277 3982 pag.
2312 3914 2435 3977 132,
2474 3916 2595 3967 133.

749 4003 941 4040 tuum
968 3991 1026 4039 in
1060 3990 1266 4043 Collect.
1297 3990 1423 4042 Edit
1447 4006 1664 4045 nuum
1697 4009 1799 4043 sec.
1829 3993 1949 4044 Vol.
1970 3994 2229 4047 IV.Tom.
2246 3997 2342 4048 ΠΙ.
2369 3997 2595 4067 pag.7'7.

750 4073 816 4123 Et
856 4087 1065 4122 matu..
1109 4073 1169 4122 in
1209 4075 1336 4125 Act.
1364 4075 1561 4125 Bened.
1591 4075 1709 4126 Sec.
1738 4075 1833 4127 ΠΙ.
1865 4077 2009 4129 Parte
2038 4079 2206 4146 prima
2227 4117 2243 4144 ,
2296 4099 2456 4149 quem
2498 4098 2594 4132 nos

745 4156 906 4289 letiam
948 4158 1108 4208 secuti
1151 4175 1328 4210 sumus
1344 4196 1360 4221 ,
1413 4168 1648 4211 notantes
1690 4168 1864 4213 tamen
1907 4163 2072 4214 varias
2100 4162 2320 4231 alicujus
2347 4163 2596 4236 ponderis

770 4237 1013 4290 cotiones.
