2922 5195
1466 481 1553 538 40

491 661 779 751 Quorum
827 680 1118 719 versuum
1166 637 1558 720 tenuitatem·
1595 656 1987 746 indignatus,
2049 658 2223 723 idem
2258 662 2542 747 queritur

494 798 896 841 commanus:
994 775 1358 839 «Poteritne
1402 775 1531 838 ulla
1577 776 1980 839 excusatione
2028 776 2135 839 hic
2183 777 2396 865 pudor
2440 801 2545 842 ex-

491 895 736 958 tenuari
757 942 775 975 ,
823 908 895 956 ut
947 916 1065 956 nec
1120 894 1189 956 in
1233 892 1659 975 monasteriO,
1721 893 1831 957 ubi
1882 893 1996 957 illo
2045 894 2298 958 vivente
2345 896 2545 984 totius

490 1012 853 1076 literaturae
893 1011 1244 1074 exsultabat
1292 1011 1686 1099 gymnasium
1704 1059 1722 1092 ,
1770 1012 2052 1099 potuerit
2099 1011 2365 1075 inveniri
2415 1012 2539 1074 ho-

494 1151 638 1210 me,
694 1128 813 1214 qui-
846 1129 1225 1191 memoriam
1272 1117 1405 1213 ejus
1454 1128 1799 1210 formaret,
1865 1129 1994 1192 nisi*
2037 1129 2182 1192 exili
2233 1144 2298 1194 et
2354 1130 2543 1193 mise-

494 1245 681 1309 rabili
724 1246 890 1333 stylo
912 1245 980 1307 P»
1024 1245 1145 1332 (1).

588 1420 782 1486 Aliud
811 1422 1220 1512 Epitaphium
1247 1423 1373 1487 hoc
1407 1439 1537 1487 est:

759 1593 948 1666 Bam,
966 1590 1080 1651 Dei
1100 1591 1372 1667 famuluS,
1402 1592 1814 1651 Monachorum
1838 1591 2030 1651 nobile
2052 1591 2237 1662 sidus,

849 1694 1087 1754 Finibus
1110 1718 1143 1754 e
1165 1710 1348 1755 terrae
1367 1694 1582 1775 profuit
1599 1694 1903 1755 Ecclesiae.

765 1797 956 1854 Soleis
978 1797 1080 1853 iste
1102 1795 1338 1852 Patrum
1361 1795 1648 1853 scrutandi
1667 1818 1774 1875 per
1795 1797 1978 1856 omnia
1997 1816 2228 1856 sensum

846 1898 1100 1978 Eloquio
1124 1900 1318 1977 viguit,
1342 1899 1584 1978 plurima
1607 1900 1940 1978 composuit.

760 2003 959 2062 Annos
982 2002 1087 2060 hac
1111 2002 1220 2060 vita
1242 2016 1327 2059 ter
1349 2000 1506 2058 duxit
1526 2001 1629 2059 rite
1653 2001 1906 2079 triginta,

848 2102 1156 2183 Presbyter
1179 2102 1389 2176 officiO,
1413 2102 1566 2159 utilis
1586 2101 1827 2179 ingenio.

759 2206 794 2263 J
798 2206 885 2263 ani
909 2207 1156 2285 septenis
1182 2202 1444 2264 viduatus
1470 2225 1638 2262 carne
1660 2199 1956 2275 KalendiS,

851 2308 1169 2387 Angligena
1198 2307 1529 2387 Angelicam
1553 2306 1880 2364 commeruit
1901 2305 2137 2384 patriam
2159 2296 2284 2380 (2).

499 2463 804 2528 Profecto
835 2484 1041 2550 neque
1069 2461 1384 2550 elegantia
1408 2482 1477 2524 se
1503 2441 1632 2523 boc
1654 2433 2074 2547 ’Epitaphium'
2100 2457 2510 2552 commendat
2527 2507 2553 2540 ,

500 2605 621 2647 nec
668 2577 795 2644 fide
815 2629 832 2662 ,
897 2576 1209 2666 siquidem
1274 2577 1343 2642 in
1404 2575 1737 2667 statuenda
1790 2599 1997 2643 mmm
2050 2589 2257 2639 aetate
2307 2600 2343 2638 a
2394 2599 2558 2641 vero

502 2701 777 2765 aberrat.
872 2697 1102 2762 Melius
1149 2719 1215 2760 se
1253 2695 1450 2760 habet
1480 2717 1642 2760 unus
1678 2717 1890 2762 versus
1920 2695 1987 2758 in
2015 2690 2269 2781 laudem
2298 2714 2507 2783 neme
2527 2741 2552 2778 2

504 2840 695 2903 quem
724 2815 892 2904 apud
920 2837 1276 2882 Lamnum
1303 2812 1610 2901 legimus:

768 2980 974 3058 Anglia
996 2995 1051 3037 te
1077 2979 1351 3051 celebrat,
1376 2993 1433 3037 te
1453 2993 1607 3036 totus
1626 2994 1893 3058 personat
1917 2979 2074 3037 orbis
2093 2976 2212 3057 (3).

588 3137 813 3224 Neque
857 3137 1210 3201 minoribus
1262 3158 1408 3201 eum
1452 3134 1764 3199 extollunt
1799 3135 2093 3201 laudibus
2121 3137 2191 3199 hi
2230 3159 2444 3202 versus
2472 3134 2554 3200 ad

505 3278 801 3321 sznmmu
833 3254 1094 3341 scripti:

713 3607 902 3674 phium
947 3619 1104 3654 Brun
1125 3639 1141 3666 ‚
1195 3603 1413 3654 verbum
1453 3602 1693 3651 debriare
1734 3603 2096 3669 iuterpretatur
2128 3602 2380 3652 inebriare
2399 3638 2415 3665 ,
2465 3605 2560 3652 in..

712 3691 992 3751 gurgitare
1012 3721 1029 3749 ‚
1085 3694 1136 3735 et
1175 3701 1270 3755 per
1310 3682 1540 3752 metaph.
1584 3683 1779 3748 replere
1799 3719 1815 3746 ,
1866 3694 2016 3750 atque
2047 3684 2180 3734 illud
2209 3682 2469 3734 interdum
2499 3686 2561 3734 in

715 3770 905 3820 bonam
935 3777 1136 3837 partem
1166 3777 1466 3836 usurpatum
1495 3782 1608 3817 esse
1636 3776 1830 3818 monet.

597 3855 680 3922 (1)
724 3853 854 3905 Gur..
885 3852 1155 3903 Malmesb.
1189 3850 1228 3901 l.
1259 3850 1299 3900 l.
1329 3867 1448 3917 pag.
1485 3848 1571 3898 24.

589 3939 672 4007 (2)
713 3937 924 3989 Aucto
967 3949 1123 3987 wmn.
1172 3936 1225 3984 in
1269 3934 1444 3998 Ligno
1494 3932 1646 3981 Vitae
1684 3931 1744 3981 L.
1777 3931 1840 3980 V.
1883 3950 2002 3999 pag.
2032 3933 2151 3983 101.
2182 3928 2374 3996 Biogri
2400 3933 2550 3983 Brit.

714 4024 771 4070 in
801 4031 937 4070 nota.

589 4104 674 4169 (3)
713 4106 753 4154 E
818 4104 947 4156 cod.
993 4102 1098 4155 MS.
1150 4104 1207 4152 in
1258 4101 1393 4153 Bibl.
1448 4101 1696 4152 Cantabr.
1745 4101 1880 4170 apud
1928 4115 2188 4151 temanum
2235 4104 2290 4149 in
2343 4101 2551 4151 Collect-

701 4187 819 4235 vol.
850 4189 937 4240 111.
978 4189 1125 4238 Tom.
1162 4189 1209 4237 4.
1248 4204 1365 4251 pag.
1397 4186 1483 4235 23.
