2922 5195
1296 487 1367 543 71

393 667 473 727 In
520 668 721 727 Actus
765 663 1240 750 Apostolorum,
1289 659 1436 725 libri
1480 661 1574 725 II.

393 782 649 872 Legitur
671 783 830 849 haec
862 783 1206 871 Expositio
1237 782 1405 845 inter
1449 799 1659 845 annu.
1695 777 1910 867 Opera
1941 777 2112 846 Edit.
2158 780 2350 849 Basil.

304 900 492 966 Tom.
547 901 630 967 V.
699 926 771 991 p.
825 901 1154 987 861-919‚
1224 900 1459 966 Colon.
1519 899 1710 967 Tum.
1766 896 1851 964 V.
1904 921 1974 986 p.
2030 898 2348 969 625-666.

302 1018 710 1084 creberrima
765 1017 1216 1089 adhortatione
1267 1033 1547 1085 suaserat
1608 1038 1770 1082 mm
1826 1016 2184 1106 Episcopus
2201 1065 2222 1100 ,
2283 1036 2355 1085 ut

299 1152 449 1224 post
495 1135 938 1225 Apocalypsin
968 1135 1371 1225 explanatam
1407 1137 1475 1199 in
1512 1156 1733 1200 Luem
1765 1157 2022 1222 quoque
2062 1136 2352 1226 Evange-

298 1252 510 1316 listam
561 1253 874 1319 scriberet
922 1275 1118 1321 anns.
1214 1254 1340 1318 Hic
1390 1269 1604 1318 autem
1647 1253 1867 1340 operis
1917 1252 2354 1340 magnitudine

299 1368 674 1454 deffinitum,
724 1394 807 1437 ne
854 1387 1074 1439 tamen
1115 1372 1237 1436 viri
1278 1372 1469 1436 amici
1513 1370 1859 1435 auctoritas
1891 1369 2053 1435 nihil
2083 1370 2254 1460 apud
2283 1393 2353 1436 se

294 1487 565 1555 valuisse
607 1487 935 1555 videretur
954 1537 973 1571 ,
1041 1489 1213 1555 misit
1254 1490 1428 1555 hunc
1469 1489 2002 1554 Commentarium
2035 1494 2105 1552 in
2146 1490 2353 1554 Actus

300 1605 771 1692 Apostolorum.
866 1607 959 1675 In,
991 1628 1119 1692 quo
1169 1622 1421 1694 praeter
1471 1605 1632 1670 alios
1673 1597 1999 1693 plurimos
2035 1604 2187 1670 fidei
2240 1606 2354 1669 Ca·

298 1720 579 1791 thelicae
647 1720 1007 1810 Scriptores
1021 1769 1041 1805 ,
1117 1738 1257 1787 tum
1333 1723 1607 1787 maxime
1675 1743 2032 1788 summm
2098 1736 2354 1788 secutus

298 1854 396 1901 est
411 1885 431 1921 ,
495 1838 803 1904 ecclesiae
855 1841 1176 1905 Romanae
1220 1837 1710 1907 subdiaconum
1727 1886 1747 1921 ‚
1808 1840 1917 1927 qui
1965 1841 2035 1906 in
2086 1862 2348 1906 carmen

294 1955 628 2023 heroicum
700 1955 848 2023 libri
912 1972 1355 2047 argumentum
1425 1962 1729 2043 coegerat
1745 2001 1765 2036 ‚
1831 1955 2173 2042 allegoriae
2237 1953 2348 2023 flo-

297 2094 397 2138 res
443 2074 503 2138 ei
548 2075 780 2161 passim
828 2073 1207 2139 admiscenS.
1318 2070 1540 2152 Qualis
1590 2087 1802 2137 autem
1850 2072 1958 2137 hic
2002 2072 2349 2139 Commen-

296 2190 491 2253 tarius
541 2190 655 2270 sit,
710 2193 845 2277 jam
899 2191 1179 2255 cernitur
1228 2191 1300 2254 in
1347 2189 1562 2254 fronte
1580 2235 1602 2272 ‚
1665 2190 1779 2254 ubi
1830 2190 1990 2254 haec
2038 2188 2344 2279 legimus:

296 2308 535 2371 «Actus
590 2296 1051 2395 Apostolorum
1076 2353 1097 2388 ‚
1160 2322 1233 2372 ut
1285 2308 1514 2372 beatus
1560 2328 1986 2371 autumemus
2046 2307 2136 2372 ait
2154 2353 2174 2388 ‚
2238 2331 2354 2373 nu·

299 2423 452 2490 dam
515 2423 776 2512 quidem
837 2446 1067 2489 sonare
1128 2422 1422 2489 videntur
1490 2424 1820 2489 historiam
1838 2470 1859 2504 ‚
1922 2441 1990 2491 et
2033 2426 2348 2492 nascentis

295 2541 622 2608 Ecclesiae
677 2540 1011 2610 infantiam
1066 2557 1319 2624 texere,
1369 2541 1482 2609 sed
1540 2544 1594 2608 si
1656 2543 2018 2610 noverimus
2033 2590 2052 2626 ,
2121 2565 2346 2610 eorum

293 2658 690 2747 scriptorem
718 2682 942 2723 tuem
978 2682 1111 2724 esse
1139 2659 1464 2725 medicum
1480 2708 1501 2741 ,
1552 2663 1731 2744 cujus
1761 2661 1897 2726 laus
1928 2674 2023 2724 est
2051 2659 2121 2722 in
2146 2658 2345 2722 Evan-

297 2776 504 2866 geli0‚
562 2774 1123 2842 animadvertimus
1142 2820 1161 2854 ,
1214 2775 1455 2861 pariter
1490 2773 1705 2840 omnia
1765 2773 1960 2838 verba
2008 2771 2175 2839 illius
2220 2773 2348 2842 aui-

299 2914 444 2962 mae
506 2891 861 2982 languentis
918 2912 1054 2955 esse
1108 2887 1519 2962 medicinam.
1536 2919 1562 2948 ι·
1612 2925 1701 2938 --
1752 2889 1954 2958 Simul
2018 2912 2169 2956 cum
2217 2891 2346 2960 hoc

298 3030 501 3098 opere
543 3030 711 3080 nans
756 3007 929 3074 misit
972 3008 1232 3076 brevem
1292 3006 1823 3078 commentarium
1879 3015 1946 3072 in
1990 3007 2345 3095 Epistolam

292 3126 590 3194 Ioannis,
722 3173 727 3176 -

381 3245 463 3310 In
507 3244 833 3332 Epistohs
882 3244 955 3309 V
941 3244 1020 3311 II
1043 3242 1424 3309 catholicas
1442 3290 1461 3325 ,
1513 3242 1663 3308 libri
1708 3242 1968 3330 singuli.

385 3360 895 3425 Commentarius
944 3361 1014 3425 in
1057 3360 1412 3449 Epistolam
1453 3359 1856 3426 catholicam
1889 3381 2113 3428 neom
2130 3406 2150 3441 ‚
2203 3360 2345 3447 Epi·

296 3478 480 3565 scopi
512 3476 1105 3561 Hierosolymitam·‚
1140 3476 1195 3540 I.
1230 3490 1296 3541 et
1327 3475 1410 3542 H.
1447 3495 1639 3540 unu
1663 3474 1961 3563 Apostoli
1979 3522 2000 3557 ,
2034 3476 2085 3540 Ι.
2106 3521 2127 3557 ,
2166 3476 2251 3541 ΙΙ.
2286 3492 2349 3542 et

298 3597 414 3664 111.
435 3617 705 3662 somnis
721 3643 740 3678 ,
768 3610 835 3661 et
850 3616 1090 3677 sunan,
1111 3608 1313 3659 exstat
1336 3593 1617 3681 inOper.
1638 3592 1814 3661 Edit.
1831 3592 2022 3662 Basil.
2047 3593 2239 3663 Tom.
2258 3593 2344 3662 V.

301 3736 371 3804 p.
418 3711 796 3802 929-1057,
858 3714 1091 3778 Colon.
1144 3712 1334 3777 Tom.
1384 3711 1471 3778 V.
1519 3734 1588 3799 p.
1633 3710 1948 3803 673-760.
2055 3713 2134 3777 In
2180 3713 2347 3780 hanc

299 3819 732 3917 Epi-stolorum
777 3833 1262 3919 Expositio'nem
1306 3853 1474 3896 nans
1511 3829 1861 3919 Prologum
1896 3831 2184 3919 scripsit,
2241 3831 2349 3914 qui

301 3949 371 4011 in
430 3946 629 4012 Editt.
697 3947 1089 4013 desideratur
1109 3997 1126 4031 ,
1193 3947 1305 4012 sed
1370 3971 1558 4034 quem
1633 3971 1711 4012 ex
1778 3948 2040 4034 antiquo
2105 3942 2348 4009 Codice

302 4064 444 4138 MS.
496 4065 933 4134 Bibliothecae
977 4066 1247 4155 Collegii
1298 4065 1531 4130 Gonvil
1564 4080 1627 4129 et
1666 4064 1839 4151 Cast,
1901 4059 2073 4152 quod
2117 4061 2346 4132 Canta-

310 4182 553 4270 brigiae
592 4199 719 4264 est,
773 4183 1007 4247 detexit
1057 4206 1461 4249 wnsn‘ronus
1496 4199 1557 4247 ct
1599 4205 1744 4248 cum
1777 4204 2015 4263 cavae,
2052 4197 2123 4245 ut
2165 4183 2346 4270 operi
