2922 5195
1512 479 1596 537 38

541 675 675 723 tum
706 660 763 722 ei
814 656 1192 720 succurrisse
1239 655 1467 719 verba:
1535 656 1754 718 Bnnsn
1799 656 2019 717 Scmcti
2070 657 2171 721 vel
2231 654 2595 740 Presbyteri

547 800 693 840 ossa
702 799 728 854 ;
774 789 839 838 at
894 772 1124 839 vidisse
1169 797 1311 838 eum
1369 788 1643 837 metrum
1689 788 1855 836 stare
1909 795 2042 836 non
2097 794 2284 860 posse
2301 822 2320 855 ‚
2390 795 2594 860 neque

547 893 772 956 melius
833 891 1218 957 vocabulum
1268 891 1582 955 invenisse
1602 937 1623 972 ‚
1689 889 1950 955 tandem
2000 913 2153 955 vero
2207 890 2427 955 taedio
2490 914 2600 956 ca·

552 1021 734 1098 ptum
760 1011 941 1074 ivisse
982 1008 1370 1091 dormitum3
1418 1007 1566 1090 sed,
1619 1011 1804 1076 ecce!
1858 1031 2044 1073 mane
2090 1009 2157 1074 in
2186 1009 2433 1074 tumulo
2460 1032 2602 1073 ma-

547 1129 731 1192 nibus
776 1126 1009 1215 Angeli
1057 1128 1368 1216 reperisse
1419 1127 1772 1215 scriptum:

727 1243 906 1308 «Hac
931 1260 1077 1308 sunt
1111 1245 1177 1307 in
1218 1245 1387 1309 fossa
1414 1267 1623 1309 nznsn
1652 1243 2056 1311 Venerabilis
2079 1268 2222 1309 ossa
2242 1243 2362 1333 (1).
2382 1276 2407 1301 n

648 1360 955 1427 Profecto
997 1359 1319 1426 credibilis
1352 1363 1553 1451 magis
1591 1378 1657 1427 et
1684 1362 2010 1427 communi
2034 1361 2372 1427 hominum
2398 1361 2610 1426 sensui

560 1479 1046 1544 convenientior
1067 1479 1190 1544 alia
1215 1480 1399 1565 hujus
1425 1480 1728 1563 nominis,
1753 1502 1942 1566 quam
1969 1478 2262 1545 nonnulli
2286 1478 2609 1559 adferunt,

559 1618 750 1661 causa
788 1612 905 1662 est.
998 1596 1317 1661 Nimirum
1343 1596 1666 1662 Homiliae
1706 1620 1745 1661 a
1776 1618 1947 1662 rnna
1977 1596 2412 1684 conscriptae,
2456 1594 2611 1659 dum

559 1711 766 1776 adhuc
814 1716 884 1777 in
923 1714 1081 1779 vivis
1136 1730 1305 1797 erat,
1365 1716 1532 1780 tanti
1577 1715 2013 1797 habebantur,
2072 1729 2146 1777 ut
2198 1736 2306 1777 eas
2354 1712 2613 1801 publice

553 1829 623 1891 in
661 1828 945 1891 ecclesiis
978 1829 1191 1917 legere
1224 1829 1699 1895 decerneretur.
1794 1832 1935 1895 Jam
1973 1833 2148 1917 ajunt
2188 1854 2300 1896 eos
2316 1878 2337 1913 ,
2382 1830 2612 1917 quibus

553 1942 810 2033 legendi
860 1945 1192 2033 negotium
1240 1944 1612 2010 mandatum
1670 1961 1832 2010 esset
1845 1993 1864 2027 ‚
1917 1947 2006 2011 ob
2050 1947 2317 2010 honoris
2365 1947 2613 2010 novita-

557 2078 690 2128 tem
723 2062 1104 2128 deliberasse
1119 2110 1138 2145 ‚
1193 2086 1322 2151 quo
1364 2064 1555 2128 titulo
1599 2079 1929 2129 auctorem
1973 2063 2405 2128 nominarent.
2474 2062 2617 2126 Hos

557 2182 729 2246 enim
758 2203 882 2246 nec
905 2181 1297 2270 simpliciter·
1314 2182 1560 2246 Bedam
1586 2179 1803 2247 dicere
1837 2181 2108 2245 voluisse
2123 2228 2145 2263 ,
2195 2202 2403 2268 neque
2434 2203 2580 2244 eum
2597 2227 2617 2262 ,

555 2299 922 2385 priusquam
979 2299 1124 2364 fatis
1178 2299 1432 2364 functus
1494 2314 1695 2383 esset,
1761 2300 2059 2365 Sanctum
2125 2320 2358 2364 vocare
2377 2344 2397 2381 ,
2466 2298 2614 2385 quia

557 2416 828 2480 alterum
887 2416 999 2480 tali
1073 2433 1385 2504 tantoque
1452 2418 1596 2482 viro
1657 2440 1792 2481 non
1855 2417 2229 2481 conveniret
2244 2464 2267 2497 ‚
2343 2415 2614 2481 alterum

556 2534 617 2599 ei
672 2537 848 2621 justo
902 2536 1045 2624 plus
1116 2536 1446 2602 tribueret.
1542 2531 1829 2601 Tandem
1895 2555 2051 2599 vero
2117 2532 2292 2599 felici
2353 2533 2617 2625 ingenio

567 2653 638 2715 V
627 2652 971 2717 enat-abilis
1018 2653 1275 2718 titulum
1335 2654 1666 2718 inventum
1724 2674 1859 2718 esse
1881 2700 1901 2734 ,
1968 2674 2096 2738 quo
2147 2652 2251 2716 via
2311 2665 2621 2738 tanquam

565 2770 781 2835 media
822 2772 1093 2837 iniretur
1136 2771 1255 2860 (2).

655 2887 745 2948 At
790 2908 945 2948 vero
992 2908 1184 2970 quam
1229 2909 1457 2972 parum
1496 2885 1835 2971 probabile
1866 2887 1995 2949 hoc
2039 2907 2295 2970 quoque
2339 2885 2456 2967 sit,
2512 2908 2623 2974 ap-

568 3014 752 3086 paret
786 3000 892 3063 vel
939 3022 1018 3063 ex
1066 3020 1146 3063 eo
1162 3046 1180 3081 ,
1248 2999 1427 3087 quod
1474 3020 1646 3064 mnu
1695 3022 2002 3087 nusquam
2018 3047 2037 3081 ‚
2089 3016 2398 3087 quantum
2443 3003 2624 3077 novi-

570 3139 748 3199 mu3‚
801 3139 837 3181 a
879 3118 973 3182 sui
1019 3120 1327 3207 temporis
1356 3119 1794 3207 scriptoribus
1838 3120 1966 3184 hoc
2013 3119 2201 3183 titulo
2243 3118 2619 3208 adpellatur.

572 3235 950 3299 Hmmmws
998 3251 1221 3298 contra
1243 3283 1261 3318 ,
1326 3233 1606 3321 ejusdem
1659 3236 1856 3299 seculi
1906 3236 2240 3325 Scriptor‚
2301 3239 2369 3301 in
2421 3241 2623 3304 Areo-

562 3358 897 3440 pagiticiS,
958 3352 1141 3417 illum
1183 3355 1483 3418 Sanctum
1537 3375 1796 3435 annm,
1855 3375 2132 3418 Annuus
2185 3377 2499 3438 uacuus,
2561 3372 2627 3421 et

573 3470 708 3558 ipse
758 3469 1010 3558 Anglus
1058 3485 1123 3534 et
1168 3493 1375 3536 mmm
1417 3471 1554 3535 fere
1600 3471 1910 3558 aequaIiS,
1970 3473 2037 3535 in
2080 3472 2426 3559 Epistolis‚
2477 3495 2625 3536 eum

572 3586 970 3650 Sacerdotem
1001 3603 1066 3651 et
1092 3588 1409 3653 doctorem
1435 3596 1744 3653 eximium
1775 3605 1987 3656 vocat.
2030 3588 2151 3678 (3).
2248 3589 2423 3670 Quin
2453 3592 2627 3679 ipsae

668 3790 754 3857 (1)
793 3789 984 3843 Pnaus
1025 3806 1253 3852 :Quum
1286 3802 1338 3842 et
1368 3802 1530 3841 aanor
1560 3790 1599 3841 1.
1627 3789 1667 3841 1.
1736 3790 1813 3842 De
1841 3790 1927 3840 his
1953 3790 2142 3840 fabulis
2171 3792 2326 3840 etiam
2354 3791 2463 3858 legi
2491 3810 2623 3860 pos-

786 3884 904 3924 sunt
932 3889 1187 3926 oumsws
1214 3877 1271 3924 in
1306 3875 1575 3924 chronicis
1594 3874 1657 3924 ad
1683 3886 1767 3928 an.
1789 3877 1914 3927 734.
1962 3875 2228 3927 numanus
2255 3877 2313 3925 in
2339 3877 2624 3927 Rationale·

792 3956 978 4008 Divin.
1018 3957 1162 4023 Offic.
1193 3974 1305 4025 cap.
1335 3956 1420 4007 40.
1451 3974 1572 4025 pag.
1602 3957 1722 4008 280.

668 4043 751 4108 (2)
794 4041 1027 4093 Guium.
1069 4055 1370 4092 nucarum.
1409 4041 1698 4104 Meneolog.
1729 4040 1997 4090 Benedici.
2027 4037 2118 4088 VI.
2151 4037 2267 4088 Kal.
2297 4037 2465 4091 Junii.
2496 4055 2628 4091 rm.-

786 4139 933 4176 unus
962 4125 1000 4175 1.
1030 4143 1076 4175 c.
1105 4143 1224 4192 pag.
1253 4125 1337 4175 99.
1388 4123 1574 4176 Smus
1609 4123 1815 4173 sinens.
1842 4123 1988 4173 Bibe.
2023 4121 2221 4171 Sancta
2243 4121 2303 4172 L.
2322 4121 2414 4173 lv.
2430 4139 2482 4189 p.
2500 4122 2622 4177 219.

658 4199 742 4268 (3)
783 4201 1184 4258 Οὲ.συηιιεοιῐ
1223 4205 1434 4257 observ.
1472 4208 1542 4255 ad
1567 4221 1675 4256 rem
1705 4206 1839 4259 liter.
1875 4210 2027 4271 spect.
2062 4203 2209 4257 Tom.
2228 4203 2619 4273 XII.pag.196·
