2922 5195
1162 496 1407 581 '53

330 711 544 760 autem
593 696 742 783 ipsis
780 696 1037 760 Patrum
1084 697 1294 761 verbis
1315 745 1334 779 ‚
1382 720 1554 761 nunc
1578 746 1596 778 ,
1656 714 1721 762 et
1761 698 2017 785 quidem
2055 701 2383 768 brevitatis

331 836 554 894 causa,
582 814 706 876 suis
729 836 874 877 usus
898 829 1014 880 est.
1047 814 1367 898 Primum,
1385 829 1457 878 ut
1474 817 1612 904 ipsa
1635 814 1832 880 docet
1849 815 2193 900 PraefatiO,
2221 843 2391 908 opus

333 953 528 1018 usque
571 929 653 994 ad
698 931 1027 1019 expulsum
1075 954 1113 994 e
1157 930 1464 994 Paradiso
1512 955 1831 1014 numum,
1880 934 1926 998 i.
1967 957 2026 999 e.
2072 934 2156 998 ad
2186 936 2381 1001 finem

333 1048 557 1136 capitis
605 1048 780 1112 tertii
828 1046 1150 1111 Geneseos
1193 1046 1488 1137 perduxit
1504 1097 1521 1131 ‚
1558 1072 1738 1137 spem
1788 1051 2028 1115 faciens
2079 1052 2221 1116 fore
2238 1100 2257 1134 ‚
2310 1069 2388 1116 ut

326 1181 474 1252 post
514 1164 907 1228 elaboratam
947 1166 1432 1252 Expositionem
1475 1167 1729 1230 Esdrae
1758 1168 2132 1233 inchoatum
2170 1169 2379 1233 absol-

329 1296 528 1346 veret.
561 1282 794 1346 Postea
814 1283 1004 1372 igitur
1027 1283 1307 1347 scribere
1339 1285 1735 1348 continuavit
1760 1284 1842 1348 ad
1859 1285 2024 1350 Gen.
2053 1287 2233 1369 XXI,
2273 1312 2376 1355 ιο.

395 1400 515 1476 ‚De
555 1398 993 1465 Tabernaculo
1010 1447 1029 1483 ,
1089 1414 1156 1464 et
1193 1407 1377 1464 vasis
1411 1403 1550 1487 ejus
1566 1448 1585 1482 ‚
1643 1424 1722 1464 ac
1769 1402 2053 1466 vestibus
2083 1403 2381 1468 Sacerdo-

329 1529 494 1597 tum,
550 1516 702 1580 libri
747 1518 876 1582 III.

417 1633 574 1699 Tres
602 1614 669 1698 hi
712 1634 859 1699 libri
899 1633 1161 1722 (camus
1196 1633 1359 1700 duos
1391 1651 1710 1700 memorat
1728 1682 1748 1717 ,
1798 1636 1907 1700 alii
1951 1637 2249 1725 quatuor)
2290 1639 2381 1702 in·

326 1753 666 1818 veniuntur
687 1753 758 1817 in
784 1752 956 1818 Edit.
988 1753 1275 1842 Operum
1299 1752 1491 1818 Basil.
1516 1752 1705 1818 Tom.
1729 1751 1843 1819 IV.
1871 1777 1941 1842 p.
1977 1777 2003 1818 1
2021 1754 2373 1837 166-1280,

330 1884 397 1932 et
433 1868 664 1933 Colon.
695 1871 886 1936 Tom.
923 1871 1037 1938 IV.
1073 1897 1142 1961 p.
1175 1870 1469 1957 838-916
1503 1868 1620 1958 (1).
1717 1870 1918 1955 Hujus
1950 1872 2165 1960 operis
2197 1895 2379 1937 men-

327 1986 573 2050 tionem
621 1987 776 2051 facit
822 1987 958 2075 ipse
1011 2008 1180 2050 mun
1228 1990 1299 2050 in
1348 1987 1519 2051 libro
1573 1987 1654 2049 de
1711 1986 1969 2073 Templo
2018 2007 2381 2052 sALouoms

329 2126 473 2192 cap.
513 2108 598 2181 24
643 2104 713 2167 in
757 2103 885 2167 fine
905 2151 923 2186 ‚
964 2104 1077 2168 uhi
1120 2103 1318 2167 libros
1364 2102 1522 2167 citat
1539 2150 1559 2186 ‚
1613 2124 1773 2189 quos
1822 2102 1904 2166 de
1948 2110 2382 2167 exstructione

336 2219 763 2285 Tabernae-uli
805 2235 872 2284 et
912 2220 992 2284 de
1027 2218 1252 2284 habitu
1281 2219 1667 2283 sacerdotali
1698 2220 1975 2306 scripsit.
2077 2219 2381 2286 Continet

327 2337 521 2426 igitur
567 2337 675 2401 hic
722 2351 1026 2401 tractatus
1070 2336 1482 2426 allegoricam
1526 2334 2117 2425 interpretationem
2143 2334 2380 2401 Taber-

326 2457 540 2521 naculi
593 2459 849 2545 ejusque
899 2455 1309 2546 supellectilis
1328 2503 1347 2537 ,
1396 2469 1470 2519 ut
1516 2469 1582 2519 et
1633 2454 1892 2518 vestitus
1937 2453 2371 2519 sacerdotalis·

329 2571 538 2656 Quam
580 2572 1041 2665 interpretandi
1075 2573 1394 2639 rationem
1433 2586 1658 2637 auctor
1691 2569 1978 2637 defendit
2002 2594 2201 2636 num
2234 2593 2377 2635 ver·

324 2691 457 2773 bis,
503 2717 532 2755 1
570 2694 724 2757 Cor.
759 2693 856 2772 X,
901 2717 1002 2772 11,
1038 2693 1128 2755 ita
1162 2690 1382 2754 locum
1414 2688 1730 2752 vertendo
1760 2684 2072 2749 reddens:
2106 2685 2379 2751 «Omnia

327 2808 399 2871 in
452 2806 655 2896 figura
707 2806 1170 2895 contingebant
1216 2804 1342 2867 illis
1393 2802 1599 2890 (τύποι
1645 2797 2075 2888 συνέβαινον),
2143 2799 2380 2886 scripta

327 2939 480 2989 sunt
545 2938 758 2988 autem
828 2937 1093 3012 propter
1153 2943 1271 2985 nos
1289 2944 1307 3003 3
1323 2950 1349 2977 υ
1416 2920 1601 3007 eique
1663 2918 1831 2982 hanc
1892 2916 2381 2981 adnotationem

323 3038 661 3128 adjiciens:
740 3071 768 3098 α
783 3040 1017 3105 Omnia
1048 3038 1349 3105 videlicet
1387 3061 1523 3102 non
1552 3037 1762 3101 solmn
1797 3036 1969 3100 facta
2002 3035 2108 3100 vel
2136 3035 2334 3099 verba
2353 3083 2373 3118 ,

324 3180 487 3245 quae
527 3157 736 3222 Sacris
773 3157 999 3223 Literis
1047 3157 1457 3221 continentur
1474 3201 1494 3236 ,
1543 3175 1768 3217 verum
1812 3152 2006 3216 etiam
2041 3151 2337 3215 locorum
2355 3199 2373 3234 ,

328 3290 395 3341 et
437 3276 769 3356 horarum,
843 3290 909 3341 et
960 3290 1325 3363 temporum
1384 3273 1573 3354 situS,
1627 3285 1692 3336 et
1741 3270 2020 3358 ipsarum
2081 3288 2337 3356 quoque
2355 3314 2374 3350 ,

328 3391 400 3453 in
445 3391 671 3477 quibus
721 3406 898 3481 gesta
939 3392 1071 3455 sive
1114 3389 1289 3453 'dicta
1343 3404 1519 3470 sunt,
1580 3386 2052 3451 circumstantia
2098 3408 2334 3451 rerum.
2352 3414 2378 3442 »

333 3506 806 3596 Complectitur
869 3506 1036 3571 liber
1103 3504 1535 3569 narrationem
1602 3502 1953 3569 Mosaicam
2028 3503 2106 3565 ab
2164 3499 2374 3566 Exod.

329 3625 580 3711 XXIV,
634 3648 710 3691 12
759 3623 841 3690 ad
884 3623 1108 3707 XXX,
1166 3644 1275 3689 21.

422 4060 509 4129 (1)
547 4061 825 4127 Expositio
854 4062 911 4111 in
939 4019 1188 4111 Exodum
1217 4058 1424 4111 aXXI
1428 4058 1496 4110 V.
1528 4060 1693 4125 capite
1721 4072 1887 4124 usque
1915 4057 1987 4107 ad
2013 4058 2339 4122 trigesimum
2357 4095 2371 4121 ‚

541 4143 600 4191 de
633 4142 996 4195 Tabernae-ulo
1015 4179 1030 4205 ,
1061 4152 1159 4193 cet.
1184 4172 1252 4181 -—-
1280 4141 1354 4193 Ita
1382 4139 1575 4207 legitur
1602 4139 1661 4190 in
1690 4136 1938 4205 catalogo
1965 4153 2099 4192 sim
2142 4142 2256 4195 Sin.
2282 4142 2373 4195 1.1.

536 4223 656 4274 Lib.
693 4222 784 4275 lv.
814 4241 936 4292 pag.
966 4224 1085 4277 219.
1126 4223 1188 4275 A.
2089 4261 2091 4263 ,
2128 4206 2146 4231 ¹
