2922 5195
1311 495 1389 554 87

307 686 370 735 et
415 670 675 735 scholiis
719 671 944 736 incerti
1002 670 1280 736 auctoris
1299 717 1318 753 ,
1367 691 1636 734 somnus
1680 667 1901 734 itidem
1933 669 2351 759 Noviomagi,

298 805 365 854 et
400 813 789 854 numeranti-1
814 793 1266 856 Ramesiensis.
1354 787 1579 853 Editus
1609 787 1802 853 etiam
1834 803 1929 852 ωε
1962 811 2110 853 cum
2142 788 2350 855 altero

303 905 511 995 eoque
559 912 804 995 majore
847 908 928 971 de
981 905 1425 995 Temporibus,
1472 907 1753 972 Basileae
1809 906 1999 992 1529.

390 1027 581 1093 Liber
610 1029 691 1092 de
716 1024 1161 1114 Temporibus,
1193 1049 1340 1090 cum
1367 1024 1742 1092 eorumdem
1766 1025 2169 1115 Scriptorum
2186 1024 2349 1115 glos-

298 1146 380 1209 sis
413 1159 481 1210 et
507 1145 803 1227 scholiiS,
839 1145 1070 1234 legitur
1093 1145 1162 1208 in
1192 1140 1363 1210 Edit.
1384 1145 1574 1212 Basil.
1597 1145 1790 1210 Tom.
1811 1145 1895 1210 Π.
1924 1167 1993 1232 p.
2026 1142 2347 1226 205-212,

297 1261 537 1328 Colon.
573 1286 642 1350 p.
693 1263 998 1342 τιὸ-124.
1093 1262 1315 1351 Longe
1366 1278 1516 1326 ante
1557 1264 1866 1349 majorem
1911 1262 1991 1325 de
2030 1264 2350 1350 Tempori-

304 1380 418 1443 bus
443 1380 682 1444 librum
701 1380 972 1469 scriptus
1003 1397 1133 1464 est,
1181 1402 1380 1468 quum
1412 1379 1659 1445 desinat
1692 1380 1915 1468 quinto
1943 1403 2197 1445 'numm
2223 1381 2340 1446 III.

302 1497 712 1587 Imperatoris
765 1521 971 1582 ann0,
1018 1499 1126 1586 qui
1181 1522 1443 1564 cnnrsrr
1499 1514 1595 1564 est
1652 1521 1777 1587 701
1827 1499 1929 1564 vel
1981 1521 2141 1587 702,
2188 1497 2349 1562 alter

306 1637 458 1680 vero
504 1616 671 1682 liber
724 1640 928 1680 annos
976 1617 1112 1682 fere
1162 1618 1385 1706 viginti
1446 1619 1722 1705 quinque
1771 1618 2033 1682 ulterius
2083 1638 2350 1705 progre-

299 1731 531 1800 diatur.
583 1735 1034 1818 Conomsssms,
1072 1736 1141 1799 in
1181 1735 1573 1823 Paralipom.
1605 1735 1686 1799 de
1711 1736 1776 1800 S.
1814 1737 1899 1801 E.
1934 1758 2004 1824 p.
2037 1757 2195 1817 220,
2226 1734 2348 1799 fra-

301 1844 631 1938 gmentum
678 1851 856 1917 dedit
896 1877 974 1918 ex
1018 1876 1373 1919 Muns‘rnnn
1417 1853 1913 1942 Cosmograplzia
1961 1853 2103 1920 Lib.
2138 1854 2230 1936 H,
2279 1867 2349 1918 et

300 1968 472 2034 hunc
529 1970 763 2035 librum
816 1988 1042 2037 contra
1096 1995 1482 2037 s'rzrmnmt
1537 1994 1749 2036 vrum
1800 1973 1944 2055 jure
1990 1970 2349 2057 meritoque

305 2110 511 2152 nunu
556 2088 841 2183 vindieat
884 2112 1191 2154 ms'rAvms
1234 2090 1306 2153 iu
1347 2089 1658 2177 Epistolis
1701 2112 1769 2177 p.
1830 2086 1978 2176 157.

393 2207 517 2269 De
545 2207 955 2295 Temporibus
971 2256 990 2291 ,
1051 2206 1214 2273 liber
1257 2230 1418 2271 unus
1464 2211 1694 2296 major.
1886 2270 1891 2277 .

392 2323 606 2411 Major
661 2325 769 2390 hie
818 2326 905 2390 de
962 2324 1377 2415 Temporibus
1434 2325 1636 2407 liber,
1682 2321 1964 2412 quamvis
2021 2319 2347 2387 Editiones

306 2466 454 2507 eum
508 2443 711 2533 priori
756 2445 826 2509 in
873 2446 1025 2510 loco
1065 2461 1342 2534 ponant,
1390 2460 1540 2533 post
1585 2444 1857 2509 alterum
1909 2459 2128 2508 tamen
2172 2466 2349 2508 eum·

303 2585 426 2651 que
483 2563 800 2629 minorem
863 2565 1136 2654 scriptus
1192 2580 1285 2630 est
1340 2564 1526 2652 eique
1586 2563 2031 2653 supplemento
2070 2560 2345 2642 exstitit.

301 2681 464 2746 Cum
498 2682 719 2770 glossis
758 2698 824 2746 et
867 2683 1125 2746 scholiis
1154 2705 1423 2748 solimus
1450 2684 1832 2766 Noviomagi
1861 2696 1928 2743 et
1956 2702 2350 2743 naumann

305 2799 735 2861 Ramesiensis
767 2798 1080 2884 reperitur
1111 2798 1278 2858 inter
1312 2797 1521 2885 Opera
1543 2844 1561 2876 ,
1597 2794 1770 2859 Edit.
1812 2794 2003 2860 Basil.
2041 2793 2230 2859 Tom.
2264 2796 2348 2860 II.

304 2936 373 3002 p.
395 2912 676 3002 49-173,
716 2913 946 2979 Colon.
984 2938 1051 3003 p.
1083 2912 1355 2992 43-103.
1409 2912 1537 2994 Qui
1561 2937 1761 3003 porro
1788 2914 2090 3003 sequitur,
2129 2929 2355 2978 tracta-

301 3047 400 3095 tus
451 3031 530 3095 de
577 3055 695 3095 sex
745 3032 1064 3096 aetatibus
1117 3034 1380 3114 Mundi,
1429 3040 1561 3097 sive
1612 3034 1965 3098 Chronicon
1986 3081 2005 3115 ,
2052 3034 2121 3097 in
2171 3031 2345 3098 Edit.

304 3148 494 3216 Basil.
544 3171 613 3237 p.
661 3147 984 3237 174-193,
1037 3148 1270 3214 Colon.
1319 3173 1388 3239 p.
1438 3148 1753 3237 103-117,
1801 3148 1883 3212 ad
1927 3150 2098 3214 hunc
2143 3151 2352 3238 ipsum

302 3266 542 3331 librum
565 3266 877 3355 pertinet,
912 3271 1172 3355 ejusque
1202 3291 1350 3357 pars
1375 3284 1493 3336 est.
1559 3269 1708 3334 Hoc
1734 3292 1967 3358 nempe
1996 3269 2353 3335 Chronicon

301 3384 461 3446 nihil
516 3383 691 3447 aliud
745 3399 840 3448 est
857 3432 876 3465 ,
944 3407 1137 3471 quam
1190 3403 1383 3473 caput
1429 3389 1887 3474 sexagesimum
1941 3403 2236 3473 quartum
2285 3404 2352 3454 et

304 3500 601 3589 quintum
660 3500 809 3565 libri
876 3497 1135 3587 majoris
1203 3502 1283 3566 de
1355 3502 1770 3591 Temporibus
1793 3552 1812 3586 ,
1879 3502 1995 3568 sed
2050 3504 2354 3594 ponderis

300 3619 399 3683 sui
448 3641 638 3683 causa
688 3620 769 3683 ab
818 3643 950 3684 uno
997 3620 1330 3708 alteroque
1372 3620 1636 3711 dignum
1675 3621 1965 3687 habitum
2000 3638 2126 3707 est,
2174 3624 2349 3713 quod

302 3760 587 3802 seorsum
617 3736 913 3803 ederetur
943 3738 1071 3829 (1).
1158 3740 1531 3806 Chronicon
1575 3742 1771 3831 igitur
1804 3741 2000 3826 illud,
2053 3744 2225 3832 quod
2255 3721 2350 3811 est

303 3877 344 3915 a
375 3878 587 3919 rerum
620 3856 868 3943 origine
906 3881 1104 3945 usque
1144 3858 1226 3923 ad
1271 3884 1514 3926 nonum
1562 3883 1798 3926 annum
1841 3885 2070 3927 morus
2098 3863 2344 3944 Isauri,

395 4138 478 4205 (1)
519 4137 676 4190 Conf.
717 4156 868 4192 suurn
915 4142 971 4191 in
1018 4141 1180 4194 Praei.
1222 4151 1271 4193 et
1309 4142 1596 4191 chronicon
1624 4157 1742 4208 pag.
1772 4142 1800 4191 1
1824 4178 1839 4206 ,
1871 4152 1920 4194 et
1950 4154 2121 4196 omnu-
2159 4144 2354 4199 Comm.

518 4223 667 4274 Tom.
700 4224 740 4274 1.
774 4242 893 4291 pag.
927 4225 1080 4302 1686.
