2922 5195
1243 474 1319 537 81

334 656 554 725 Banna
589 655 985 724 Venerabilis
1012 657 1183 719 Hist.
1223 653 1402 718 Eeel.
1458 653 1684 716 Gentis
1722 653 2076 740 Anglorum
2097 701 2114 734 ‚
2163 670 2292 717 una

244 800 386 841 cum
434 778 690 867 reliquis
742 779 879 864 ejus
920 771 1233 862 Operibus
1266 775 1610 837 Historia-is
1660 778 1729 834 in
1771 793 1963 834 unum
1997 772 2294 835 volumen

250 895 556 977 collecciS,
603 918 761 958 cura
805 914 1123 956 sonsnms
1175 912 1376 953 sm'rn
1414 891 1480 954 S.
1523 892 1599 955 T.
1637 890 1716 953 P.
1755 903 1820 952 et
1847 890 2029 954 Eecl.
2069 891 2305 954 Dunel—

249 1020 481 1075 mensis
525 1036 655 1075 non
711 1018 805 1074 ita
845 1009 1100 1096 pridem
1165 1008 1495 1073 Canoniei.
1591 1007 2037 1096 Cantabrigiae
2073 1026 2293 1096 '¹7²²’

250 1128 394 1193 Hoc
438 1151 605 1216 opus
648 1143 796 1217 post
831 1142 1105 1191 mortem
1148 1123 1408 1190 demum
1451 1127 1648 1214 patris
1683 1124 1957 1190 absolvit
1985 1141 2052 1190 et
2092 1124 2298 1190 edidit

250 1268 573 1311 osone-ms
618 1245 808 1310 filius.

337 1364 622 1452 Reliquis
668 1379 882 1428 autem
926 1362 1251 1427 Historiae
1297 1382 1504 1425 annui
1541 1359 1894 1426 editoribus
1930 1360 2135 1424 landis
2163 1360 2299 1450 pal-

250 1503 424 1547 mam
474 1480 824 1569 praeripuit
871 1502 1108 1560 surra,
1169 1495 1300 1544 tam
1357 1493 1628 1568 propter
1681 1476 2040 1543 adhibitam
2091 1478 2159 1543 in
2217 1498 2300 1543 eo

253 1596 508 1661 edendo
557 1595 987 1685 diligentiam,
1038 1618 1230 1682 quam
1287 1597 1376 1660 ob
1432 1596 1722 1683 egregios
1738 1643 1755 1678 ,
1806 1595 2035 1683 quibus
2088 1570 2181 1658 uti
2242 1597 2305 1659 ei

251 1714 490 1779 licebat
510 1762 529 1796 ,
585 1714 820 1778 fontes.
914 1713 1091 1776 Inter
1147 1735 1306 1799 quos
1362 1711 1723 1801 principem
1779 1714 1996 1793 locum
2051 1713 2304 1778 obtinet

255 1830 480 1896 Codex
535 1829 678 1896 MS.
741 1830 1029 1894 omnium
1087 1830 1537 1894 vetustissimus
1551 1877 1570 1911 ,
1631 1831 1741 1917 qui
1796 1848 1984 1895 antea
2039 1845 2177 1896 erat
2233 1832 2304 1894 in

254 1949 649 2037 possessione
683 1971 871 2013 son«.
911 1970 1081 2011 nom
1101 1995 1120 2029 ,
1172 1949 1477 2035 Episcopi
1512 1947 1836 2029 Eliensis,
1885 1946 2207 2034 hodieque
2239 1947 2308 2010 in

256 2066 425 2131 Bibl.
462 2066 665 2153 Regia
701 2063 1218 2151 Cantabrigiensi
1252 2079 1560 2128 servatur.
1655 2064 1767 2128 Est
1797 2065 1903 2128 hic
1936 2063 2158 2130 Codex
2192 2086 2302 2126 an·

258 2183 450 2270 tiquis
489 2182 688 2246 literis
720 2182 1304 2270 Angla-Saxonicis
1339 2182 1513 2245 circa
1546 2203 1782 2244 annum
1817 2181 1945 2268 737
1969 2229 1987 2263 ,
2030 2179 2308 2267 ideoque

255 2316 406 2389 post
427 2322 635 2364 mmm
661 2315 940 2364 mortem
962 2296 1313 2364 secundum
1345 2296 1701 2386 descriptus
1714 2346 1733 2382 ,
1770 2321 1847 2362 ex
1873 2299 2067 2387 ipsius
2090 2315 2306 2363 aucto·

256 2418 343 2480 ris
378 2418 797 2506 Autographo
813 2465 832 2500 ‚
884 2434 950 2482 et
993 2418 1062 2480 in
1115 2417 1258 2505 ipso
1309 2418 1702 2483 monasterio
1723 2466 1743 2502 ,
1793 2419 1906 2483 ubi
1955 2417 2304 2484 Historiam

260 2557 437 2600 suam
483 2550 935 2624 composuerat
983 2534 1104 2623 (1).

349 2651 735 2741 Nuperrime
780 2652 973 2715 etiam
1004 2651 1291 2717 Societas
1310 2697 1329 2733 ,
1365 2651 1647 2716 Londini
1680 2675 1902 2717 recens
1935 2652 2313 2735 constituta,

264 2771 371 2836 cui
410 2791 650 2832 nomen
683 2782 814 2830 est:
872 2767 1008 2828 The
1049 2767 1327 2853 English
1370 2766 1726 2829 Historieal
1750 2767 2031 2852 Society,
2080 2789 2314 2832 novam

263 2883 632 2949 Editionem
649 2883 1054 2973 procuravit.
1069 2904 1230 2971 quae
1247 2882 1641 2948 inscribitur:
1678 2883 2080 2949 Venerabilis
2104 2908 2312 2950 mansu

259 3005 554 3069 Historia
595 3003 660 3064 E
661 3002 1056 3065 eclesiastica
1106 3002 1329 3067 Gentis
1369 3002 1748 3090 Anglorum.
1816 3004 1933 3068 Ad
1956 3005 2157 3091 sidem
2205 3004 2317 3070 Co·

263 3120 478 3184 dicum
546 3121 723 3183 MSS.
784 3127 1104 3184 recensuit
1149 3142 1205 3185 s.
1256 3140 1635 3184 srmnsou.
1718 3118 1926 3184 Lond.
1986 3121 2151 3186 1838
2199 3122 2315 3210 (2).

473 3361 841 3410 Londinensis.
924 3359 1054 3427 Ejus
1095 3371 1268 3411 autem
1298 3358 1567 3426 exemplar
1590 3376 1686 3426 pro
1714 3375 1803 3409 sua
1832 3359 2152 3410 humanitate
2181 3362 2314 3413 mihi

477 3442 543 3491 ad
570 3458 720 3492 usum
751 3440 895 3491 dedit
926 3440 1255 3492 Clarissimus
1282 3440 1419 3490 Bibl.
1439 3440 1631 3507 Regiae
1659 3440 1977 3489 Pari-vianae
2005 3441 2314 3497 Praefectus.

479 3526 555 3578 De
583 3526 678 3576 hac
694 3525 938 3576 Editione
965 3525 1256 3576 conferatur
1279 3524 1515 3573 Journal
1532 3524 1621 3573 des
1640 3521 1869 3574 Savants
1882 3523 2037 3575 1681.
2052 3542 2173 3594 pag.
2186 3526 2313 3594 316,

479 3622 531 3661 et
564 3607 708 3661 Acta
734 3611 956 3661 Erudit.
982 3610 1140 3660 1682.
1171 3626 1290 3678 pag.
1323 3609 1447 3658 330.
1551 3629 1557 3634 ·

351 3695 435 3764 (1)
478 3695 603 3746 vid.
629 3710 784 3746 sunu
816 3695 874 3745 in
896 3694 1060 3745 Praei.
1088 3703 1140 3745 et
1155 3692 1295 3744 conf.
1309 3692 1377 3743 de
1393 3692 1510 3760 ejus
1525 3689 1768 3743 Editione
1786 3693 1909 3743 Act.
1921 3693 2143 3744 Erudit.
2157 3694 2313 3748 1⁷24.

478 3796 597 3846 pag.
610 3778 730 3829 124.
762 3779 1003 3829 Me'moir.
1019 3780 1156 3828 liter.
1169 3778 1230 3827 de
1244 3778 1300 3827 la
1308 3776 1515 3841 grande
1527 3775 1797 3839 Bretagne
1812 3774 1962 3826 Tom.
1977 3775 2042 3827 X.
2057 3795 2178 3844 pag.
2194 3778 2315 3830 520.

357 3861 443 3930 (2)
481 3861 607 3913 vid.
649 3861 716 3912 de
758 3860 853 3911 hac
893 3861 1135 3912 Editione
1170 3860 1431 3928 judicium
1470 3861 1528 3909 in
1572 3860 1681 3910 The
1717 3857 1926 3909 Britis'k
1952 3861 2059 3909 and
2085 3861 2318 3924 Foreign

493 3945 775 4012 Quarterly
806 3945 1035 3994 Revim.
1065 3944 1165 3995 N0.
1193 3942 1315 3993 xm
1336 3977 1352 4005 ‚
1383 3941 1511 4008 July
1535 3942 1692 3992 1888.
1762 3939 1898 3991 «Er.
1919 3955 2196 3991 srsnnson
2225 3941 2318 3994 has

485 4027 721 4095 prefixed
761 4039 813 4079 to
855 4025 941 4078 his
986 4043 1115 4078 nem
1155 4042 1183 4074 a
1218 4023 1415 4074 critical
1445 4022 1794 4073 introduction
1815 4058 1832 4086 ,
1871 4022 1971 4072 full
1997 4022 2055 4072 of
2079 4022 2317 4077 valuable

485 4111 683 4161 notices
711 4111 1003 4178 respecting
1031 4109 1115 4160 his
1143 4108 1326 4163 author
1346 4145 1360 4172 ,
1391 4107 1494 4157 sud
1524 4105 1612 4158 the
1642 4105 1846 4159 sources
1861 4105 1933 4157 'of
1957 4106 2046 4157 the
2077 4107 2319 4160 Historia

486 4195 858 4246 Ecclesiastica
890 4192 1049 4245 itself.
1069 4212 1098 4242 »

1931 4294 1970 4354 6
