2922 5195
1543 487 1624 550 20

574 672 1045 760 Οαηῑαὺνὶἕίαηι
1088 668 1372 734 afficeret
1409 669 1657 733 honore
1675 715 1695 749 ‚
1754 683 1817 731 et
1853 672 2117 753 juvenes
2155 671 2395 756 patrios
2413 717 2432 749 ‚
2484 663 2598 731 do·-

566 792 768 856 ctrina
812 805 877 854 et
920 789 1153 854 virtute
1203 784 1606 851 instruendos
1630 833 1648 867 ,
1696 785 1848 878 illuc
1894 783 2259 850 adduceret.

648 912 789 975 Jam
834 910 994 973 haec
1038 906 1091 970 si
1138 928 1286 969 vera
1329 926 1460 969 esse
1506 903 1935 992 reperirentur
1952 951 1971 985 ,
2021 904 2250 967 mirum
2292 918 2598 990 quantum

561 1030 848 1095 facerent
881 1024 963 1090 ad
998 1045 1205 1087 muna
1243 1019 1459 1086 laudes
1496 1020 1991 1110 amplificandas,
2065 1020 2312 1085 Vereor
2340 1035 2590 1101 tamen,

563 1170 644 1212 ne
693 1144 890 1234 magis
942 1140 1026 1206 ad
1086 1129 1598 1226 Academia53et
1660 1140 2100 1227 antiquitatem
2149 1136 2594 1203 vindicandam

563 1281 628 1330 et
661 1263 933 1354 gloriam
970 1257 1358 1350 augendam,
1392 1281 1582 1345 quam
1620 1257 1897 1322 veritatis
1931 1255 2140 1321 studio
2173 1258 2409 1346 scripta
2442 1256 2596 1321 sint.

565 1385 818 1446 BAmms
869 1376 1126 1467 quidem
1175 1391 1240 1440 et
1291 1375 1429 1457 alii,
1489 1375 1615 1455 his,
1678 1379 1764 1437 ut'
1792 1374 1946 1438 mihi
1990 1372 2318 1456 videntur,
2379 1374 2598 1435 Anna-

562 1501 729 1565 libus
774 1496 943 1578 nixi,
995 1516 1213 1558 namu
1263 1508 1427 1556 artes
1470 1491 1760 1555 liberales
1814 1491 2263 1580 Cantabrigiae
2309 1489 2599 1555 docuisse

564 1629 921 1692 asseverant
974 1611 1110 1702 (1),
1178 1609 1291 1674 sed
1347 1610 1634 1674 omnium
1688 1625 1901 1674 tamen
1961 1609 2451 1698 intelligentium
2500 1610 2605 1693 ju·-

562 1734 776 1798 dicum
800 1779 819 1813 ,
869 1746 935 1794 et
990 1730 1097 1816 qui
1144 1751 1181 1792 a
1233 1729 1509 1815 partium
1565 1726 1779 1791 studio
1837 1728 2025 1792 alieni
2067 1742 2247 1809 sunt,
2296 1749 2420 1790 una
2469 1747 2594 1789 vox

562 1868 690 1932 est,
750 1867 1184 1914 maranorum
1244 1821 1434 1946 istum
1489 1843 1716 1906 nullius
1774 1844 1963 1930 plane
2017 1843 2166 1907 fidei
2207 1844 2601 1930 Scriptorem

561 1991 695 2035 esse
740 1962 1104 2032 habendum
1158 1961 1275 2049 (2).
1368 1961 1452 2024 Et
1487 1982 1675 2041 sane,
1739 1982 1888 2023 cum
1936 1962 2070 2045 jam
2113 1960 2196 2024 A.
2251 1960 2381 2045 689
2428 1981 2600 2022 nane

560 2091 627 2154 in
690 2083 1058 2153 cathedram
1112 2079 1446 2145 Seniorum
1501 2094 1835 2166 promotus
1872 2076 2096 2159 fuisse,
2157 2093 2344 2163 atque
2392 2098 2472 2140 ex
2514 2097 2604 2139 eo

632 2378 717 2445 (Ι)
755 2376 810 2431 J.
848 2390 1028 2426 narnus
1057 2375 1115 2425 in
1149 2371 1289 2425 Edit.
1318 2372 1410 2424 ille
1437 2336 1729 2441 antiquiore
1760 2371 2056 2436 Wesaliae,
2087 2372 2253 2435 1548,
2291 2371 2352 2421 de
2383 2369 2595 2421 Illustr.

764 2459 902 2525 Maj.
947 2458 1096 2506 Brit.
1146 2455 1405 2521 Scriptor.
1446 2472 1569 2523 pag.
1607 2456 1712 2518 56,
1757 2455 1848 2505 ubi
1880 2456 2049 2523 agitur
2074 2454 2140 2504 dc
2170 2469 2361 2506 ηιοσο
2392 2466 2597 2505 amno.

762 2541 924 2595 Gonf.
964 2541 1123 2591 etiam
1164 2553 1377 2590 sonus
1413 2553 1562 2589 casus
1589 2538 1937 2588 Londinensie
1968 2534 2079 2603 (aut
2104 2537 2277 2605 potius
2309 2536 2602 2587 Cantabri-

758 2627 954 2693 giemis
973 2660 990 2689 ‚
1023 2622 1115 2692 qui
1147 2623 1330 2673 struxit
1355 2620 1638 2688 collegium
1656 2656 1674 2686 ‚
1712 2622 1852 2689 quod
1880 2621 2092 2686 dicitur,
2123 2622 2293 2689 mn),
2327 2621 2600 2671 Historiae

770 2712 1080 2775 Cantabrig.
1098 2708 1268 2760 Aead.
1299 2708 1364 2758 ab
1398 2708 1524 2758 urbe
1552 2708 1782 2772 condita,
1812 2705 1968 2758 Libri
1994 2706 2096 2757 duo
2118 2743 2135 2770 ,
2173 2716 2224 2757 et
2252 2705 2603 2771 deAntiquit.

769 2797 920 2845 Cant.
952 2794 1124 2843 Aead.
1150 2792 1310 2841 -Libri
1335 2792 1439 2841 duo
1468 2792 1624 2841 5574.
1696 2790 1951 2842 Faunus
1973 2805 2180 2857 quoque
2207 2788 2365 2858 hujus
2392 2787 2605 2839 fabulae

760 2877 1085 2925 mentionem
1101 2873 1222 2921 facit
1237 2874 1295 2920 in
1309 2888 1488 2938 opere,
1506 2871 1646 2936 quod
1661 2870 1976 2920 inscribitur:
1997 2872 2083 2919 W
2074 2872 2265 2921 orthies
2278 2870 2603 2938 ofEngland

759 2959 817 3005 in
856 2967 950 3006 art.
994 2955 1279 3016 Durham,
1333 2953 1425 3004 sed
1467 2970 1652 3020 parum
1696 2951 1823 3002 fidei
1870 2954 1919 3003 ei
1955 2952 2146 3003 habere
2174 2954 2397 3004 videtur.
2468 2953 2594 3004 vid.

758 3039 874 3107 ejus
901 3039 1128 3105 History
1160 3039 1228 3102 of
1248 3037 1329 3087 the
1366 3036 1525 3088 Univ.
1554 3039 1621 3104 os
1647 3037 1970 3102 Cambridge.
1998 3035 2166 3087 Lond.
2192 3038 2355 3100 1⁷1⁷,
2387 3037 2446 3087 in
2461 3035 2597 3088 loco.

604 3123 709 3191 42)
748 3122 823 3175 De
880 3123 980 3176 hoc
1039 3123 1297 3191 Scriptura
1357 3131 1449 3183 et,
1499 3121 1591 3188 qui
1635 3121 1683 3171 ei
1729 3119 2008 3184 tribuitur,
2059 3121 2225 3171 Libro
2269 3121 2444 3185 Nigro
2487 3119 2604 3172 vid.

756 3222 805 3260 J·
846 3220 1038 3257 truso
1089 3206 1281 3254 Comm.
1320 3206 1377 3254 in
1427 3204 1693 3270 cygneam
1728 3204 2030 3252 Cantionem
2059 3202 2116 3250 in
2144 3201 2384 3268 ejusdem
2416 3205 2600 3253 Itine-

756 3291 933 3351 rario,
986 3287 1128 3339 Edit.
1174 3300 1389 3337 numm
1426 3283 1596 3336 Oxou.
1645 3285 1777 3335 1768
1806 3283 1924 3335 Vol.
1958 3282 2048 3335 IX.
2095 3312 2166 3323 -—
2212 3283 2266 3337 J.
2310 3290 2491 3337 nunus
2536 3288 2600 3336 de

761 3373 956 3440 Seript.
990 3372 1175 3422 Illuaet.
1204 3370 1344 3436 Maj.
1372 3367 1782 3419 Bria—Bau:
1814 3382 2008 3419 nunus
2024 3368 2214 3434 Antiq.
2232 3368 2400 3421 Aead.
2423 3370 2602 3422 oxon.

755 3459 1024 3525 Apologia
1037 3454 1159 3505 Lib.
1172 3453 1216 3504 Ι.
1241 3472 1297 3522 p.
1318 3454 1433 3504 114.
1464 3481 1535 3492 —
1555 3453 1611 3506 J.
1626 3468 1819 3504 rrrsxus
1847 3453 1907 3503 de
1924 3454 2108 3506 Illuaet.
2123 3455 2291 3519 Angl.
2313 3455 2509 3523 Script.
2524 3483 2597 3494 -—

757 3540 826 3592 G.
857 3558 901 3592 s.
928 3554 1118 3593 vossius
1147 3540 1208 3588 de
1235 3539 1387 3589 Hist.
1413 3538 1539 3587 Lat.
1573 3536 1742 3604 Lugd.
1770 3537 1878 3587 Bet.
1905 3533 2058 3588 1627.
2081 3555 2201 3605 pag.
2224 3538 2344 3590 512.
2385 3539 2596 3590 Tinna

755 3626 815 3673 in
840 3639 987 3673 voce.
1058 3622 1125 3671 Et
1153 3637 1287 3688 quae
1323 3621 1552 3688 disputat
1584 3635 1834 3672 nunnius
1862 3639 1983 3689 pag.
2014 3622 2275 3676 223-252.
2324 3624 2451 3692 Leg.
2483 3624 2599 3673 im·-

753 3706 938 3772 primis
958 3739 975 3766 ,
1027 3705 1118 3771 qui
1172 3704 1283 3771 ipse
1327 3704 1636 3754 Academiae
1702 3705 2150 3770 cantabrigiensis
2189 3705 2431 3757 alumnus
2480 3718 2559 3758 est
2578 3744 2597 3771 ‚

751 3804 800 3841 c.
819 3803 970 3850 nnn,
990 3790 1064 3838 A.
1081 3788 1153 3839 Β.
1169 3789 1397 3855 History
1429 3791 1496 3855 os
1517 3789 1598 3838 the
1620 3788 1921 3856 University
1940 3790 2046 3839 and
2065 3790 2293 3853 Colleges
2306 3792 2372 3857 ⁰s
2385 3791 2594 3841 Cambr.

750 3868 919 3922 Lond.
964 3870 1114 3922 1814.
1157 3887 1278 3937 pag.
1322 3870 1391 3920 40
1431 3887 1543 3938 seq.
1615 3869 1861 3922 Ceterum
1903 3875 2072 3941 spuria
2115 3888 2326 3940 quoque
2352 3873 2592 3926 habenda

750 3962 870 4004 suut
889 3988 905 4015 ,
932 3967 1064 4019 quac
1096 3952 1233 4018 apud
1262 3951 1492 4002 eundem
1522 3967 1850 4005 cuntorum
1879 3954 2157 4024 leguntur,
2197 3958 2390 4007 ,Bullae
2411 3974 2595 4025 papa-

748 4039 820 4086 les
838 4074 851 4099 ,
883 4040 932 4086 et
952 4036 1254 4102 privilegia.
1312 4035 1435 4087 vid.
1471 4038 1579 4086 The
1601 4038 1885 4102 privileges
1913 4041 1978 4105 of
1999 4040 2080 4088 the
2104 4040 2258 4089 Univ.
2276 4043 2342 4106 of
2355 4042 2585 4104 Cambr„

748 4120 977 4180 together
1004 4120 1130 4169 with
1161 4120 1454 4169 additional
1481 4122 1837 4171 observations
1852 4139 1919 4172 on
1936 4127 2003 4172 its
2018 4124 2220 4192 history
2239 4161 2253 4187 ,
2293 4128 2596 4194 antiquityy

749 4200 1023 4250 literature
1052 4204 1160 4252 and
1185 4204 1476 4270 biography
1508 4206 1573 4271 by
1608 4219 1657 4254 e.
1688 4220 1814 4254 men
1839 4242 1853 4263 ‚
1905 4207 2049 4257 1824.
