<?xml version="1.0" encoding="UTF-8"?>
<!DOCTYPE html PUBLIC "-//W3C//DTD XHTML 1.0 Transitional//EN"
    "http://www.w3.org/TR/xhtml1/DTD/xhtml1-transitional.dtd">
<html xmlns="http://www.w3.org/1999/xhtml" xml:lang="en" lang="en">
 <head>
  <title>
</title>
<meta http-equiv="Content-Type" content="text/html;charset=utf-8" />
  <meta name='ocr-system' content='tesseract 3.04.00' />
  <meta name='ocr-capabilities' content='ocr_page ocr_carea ocr_par ocr_line ocrx_word'/>
</head>
<body>
  <div class='ocr_page' id='page_1' title='image "./disputatiohisto02gehlgoog_0110.png"; bbox 0 0 2922 5195; ppageno 0'>
   <div class='ocr_carea' id='block_1_1' title="bbox 1264 504 1344 565">
    <p class='ocr_par' dir='ltr' id='par_1_1' title="bbox 1264 504 1344 565">
     <span class='ocr_line' id='line_1_1' title="bbox 1264 504 1344 565; baseline 0 0"><span class='ocrx_word' id='word_1_1' title='bbox 1264 504 1344 565; x_wconf 66' lang='lat'><strong>9!</strong></span> 
     </span>
    </p>
   </div>
   <div class='ocr_carea' id='block_1_2' title="bbox 274 677 2348 3347">
    <p class='ocr_par' dir='ltr' id='par_1_2' title="bbox 274 677 2334 1354">
     <span class='ocr_line' id='line_1_2' title="bbox 277 677 2322 770; baseline 0.001 -27"><span class='ocrx_word' id='word_1_2' title='bbox 277 684 534 744; x_wconf 81' lang='lat' dir='ltr'><strong>strenue</strong></span> <span class='ocrx_word' id='word_1_3' title='bbox 590 677 934 760; x_wconf 84' lang='lat' dir='ltr'><strong>admonet,</strong></span> <span class='ocrx_word' id='word_1_4' title='bbox 1010 694 1118 761; x_wconf 89' lang='lat' dir='ltr'><strong>ut,</strong></span> <span class='ocrx_word' id='word_1_5' title='bbox 1184 702 1303 766; x_wconf 87' lang='lat' dir='ltr'><strong>qua</strong></span> <span class='ocrx_word' id='word_1_6' title='bbox 1367 694 1504 743; x_wconf 89' lang='lat' dir='ltr'><strong>erat</strong></span> <span class='ocrx_word' id='word_1_7' title='bbox 1574 677 1745 767; x_wconf 78' lang='lat' dir='ltr'><strong>apud</strong></span> <span class='ocrx_word' id='word_1_8' title='bbox 1808 702 2025 769; x_wconf 85' lang='lat' dir='ltr'><strong>regem</strong></span> <span class='ocrx_word' id='word_1_9' title='bbox 2080 682 2278 770; x_wconf 87' lang='lat' dir='ltr'><strong>gratia</strong></span> <span class='ocrx_word' id='word_1_10' title='bbox 2302 724 2322 765; x_wconf 85' lang='lat'><strong>,</strong></span> 
     </span>
     <span class='ocr_line' id='line_1_3' title="bbox 274 793 2331 885; baseline 0.001 -25"><span class='ocrx_word' id='word_1_11' title='bbox 274 797 427 860; x_wconf 80' lang='lat' dir='ltr'><strong>huic</strong></span> <span class='ocrx_word' id='word_1_12' title='bbox 477 796 649 860; x_wconf 85' lang='lat' dir='ltr'><strong>malo</strong></span> <span class='ocrx_word' id='word_1_13' title='bbox 701 796 1132 884; x_wconf 76' lang='lat' dir='ltr'><strong>prospiceret,</strong></span> <span class='ocrx_word' id='word_1_14' title='bbox 1183 818 1389 883; x_wconf 90' lang='lat' dir='ltr'><strong>neque</strong></span> <span class='ocrx_word' id='word_1_15' title='bbox 1434 793 1605 882; x_wconf 90' lang='lat' dir='ltr'><strong>apud</strong></span> <span class='ocrx_word' id='word_1_16' title='bbox 1648 819 1716 859; x_wconf 94' lang='lat' dir='ltr'><strong>se</strong></span> <span class='ocrx_word' id='word_1_17' title='bbox 1763 796 2034 860; x_wconf 84' lang='lat' dir='ltr'><strong>inveniri</strong></span> <span class='ocrx_word' id='word_1_18' title='bbox 2078 813 2331 885; x_wconf 87' lang='lat' dir='ltr'><strong>patere·-</strong></span> 
     </span>
     <span class='ocr_line' id='line_1_4' title="bbox 276 911 2334 1003; baseline 0 -25"><span class='ocrx_word' id='word_1_19' title='bbox 276 932 411 997; x_wconf 85' lang='lat' dir='ltr'><strong>tur,</strong></span> <span class='ocrx_word' id='word_1_20' title='bbox 460 912 541 978; x_wconf 91' lang='lat' dir='ltr'><strong>de</strong></span> <span class='ocrx_word' id='word_1_21' title='bbox 591 914 815 1000; x_wconf 91' lang='lat' dir='ltr'><strong>quibus</strong></span> <span class='ocrx_word' id='word_1_22' title='bbox 866 912 1096 976; x_wconf 90' lang='lat' dir='ltr'><strong>merito</strong></span> <span class='ocrx_word' id='word_1_23' title='bbox 1134 911 1262 977; x_wconf 85' lang='lat' dir='ltr'><strong>dici</strong></span> <span class='ocrx_word' id='word_1_24' title='bbox 1307 929 1553 1000; x_wconf 87' lang='lat' dir='ltr'><strong>posset:</strong></span> <span class='ocrx_word' id='word_1_25' title='bbox 1617 912 1813 977; x_wconf 76' lang='lat' dir='ltr'><strong>«Vidi</strong></span> <span class='ocrx_word' id='word_1_26' title='bbox 1859 915 2091 1002; x_wconf 89' lang='lat' dir='ltr'><strong>impios</strong></span> <span class='ocrx_word' id='word_1_27' title='bbox 2124 916 2334 1003; x_wconf 81' lang='lat' dir='ltr'><strong>sepul·-</strong></span> 
     </span>
     <span class='ocr_line' id='line_1_5' title="bbox 279 1029 2332 1119; baseline -0 -23"><span class='ocrx_word' id='word_1_28' title='bbox 279 1046 381 1096; x_wconf 87' lang='lat' dir='ltr'><strong>tos</strong></span> <span class='ocrx_word' id='word_1_29' title='bbox 397 1079 416 1113; x_wconf 88' lang='lat'><strong>,</strong></span> <span class='ocrx_word' id='word_1_30' title='bbox 449 1032 556 1119; x_wconf 91' lang='lat' dir='ltr'><strong>qui</strong></span> <span class='ocrx_word' id='word_1_31' title='bbox 585 1054 732 1096; x_wconf 90' lang='lat' dir='ltr'><strong>cum</strong></span> <span class='ocrx_word' id='word_1_32' title='bbox 759 1029 1127 1095; x_wconf 80' lang='lat' dir='ltr'><strong>adviverent</strong></span> <span class='ocrx_word' id='word_1_33' title='bbox 1144 1079 1163 1113; x_wconf 87' lang='lat'><strong>,</strong></span> <span class='ocrx_word' id='word_1_34' title='bbox 1201 1031 1269 1094; x_wconf 91' lang='lat' dir='ltr'><strong>in</strong></span> <span class='ocrx_word' id='word_1_35' title='bbox 1295 1030 1446 1095; x_wconf 93' lang='lat' dir='ltr'><strong>loco</strong></span> <span class='ocrx_word' id='word_1_36' title='bbox 1479 1048 1702 1096; x_wconf 91' lang='lat' dir='ltr'><strong>sancto</strong></span> <span class='ocrx_word' id='word_1_37' title='bbox 1736 1046 1941 1097; x_wconf 89' lang='lat' dir='ltr'><strong>erant.</strong></span> <span class='ocrx_word' id='word_1_38' title='bbox 1962 1063 1987 1088; x_wconf 73' lang='grc' dir='ltr'>υ</span> <span class='ocrx_word' id='word_1_39' title='bbox 2054 1032 2332 1096; x_wconf 89' lang='lat' dir='ltr'><strong>Multum</strong></span> 
     </span>
     <span class='ocr_line' id='line_1_6' title="bbox 279 1146 2333 1236; baseline 0.001 -23"><span class='ocrx_word' id='word_1_40' title='bbox 279 1146 555 1236; x_wconf 89' lang='lat' dir='ltr'><strong>denique</strong></span> <span class='ocrx_word' id='word_1_41' title='bbox 601 1149 813 1213; x_wconf 89' lang='lat' dir='ltr'><strong>amico</strong></span> <span class='ocrx_word' id='word_1_42' title='bbox 861 1147 973 1212; x_wconf 88' lang='lat' dir='ltr'><strong>dat</strong></span> <span class='ocrx_word' id='word_1_43' title='bbox 1011 1147 1295 1231; x_wconf 89' lang='lat' dir='ltr'><strong>consilii,</strong></span> <span class='ocrx_word' id='word_1_44' title='bbox 1348 1171 1478 1235; x_wconf 89' lang='lat' dir='ltr'><strong>quo</strong></span> <span class='ocrx_word' id='word_1_45' title='bbox 1522 1172 1786 1213; x_wconf 90' lang='lat' dir='ltr'><strong>munere</strong></span> <span class='ocrx_word' id='word_1_46' title='bbox 1826 1150 1946 1213; x_wconf 90' lang='lat' dir='ltr'><strong>sibi</strong></span> <span class='ocrx_word' id='word_1_47' title='bbox 1989 1151 2333 1215; x_wconf 86' lang='lat' dir='ltr'><strong>commisso</strong></span> 
     </span>
     <span class='ocr_line' id='line_1_7' title="bbox 282 1252 1242 1354; baseline -0.001 -24"><span class='ocrx_word' id='word_1_48' title='bbox 282 1266 448 1330; x_wconf 89' lang='lat' dir='ltr'><strong>bene</strong></span> <span class='ocrx_word' id='word_1_49' title='bbox 495 1280 561 1329; x_wconf 91' lang='lat' dir='ltr'><strong>et</strong></span> <span class='ocrx_word' id='word_1_50' title='bbox 603 1252 878 1330; x_wconf 84' lang='lat' dir='ltr'><strong>fideliter</strong></span> <span class='ocrx_word' id='word_1_51' title='bbox 920 1265 1242 1354; x_wconf 81' lang='lat' dir='ltr'><strong>fungatur.</strong></span> 
     </span>
    </p>

    <p class='ocr_par' dir='ltr' id='par_1_3' title="bbox 282 1380 2334 1566">
     <span class='ocr_line' id='line_1_8' title="bbox 368 1380 2334 1465; baseline 0.001 -20"><span class='ocrx_word' id='word_1_52' title='bbox 368 1380 650 1446; x_wconf 82' lang='lat' dir='ltr'><em>Libellus</em></span> <span class='ocrx_word' id='word_1_53' title='bbox 723 1381 803 1445; x_wconf 89' lang='lat' dir='ltr'><strong>de</strong></span> <span class='ocrx_word' id='word_1_54' title='bbox 869 1389 997 1444; x_wconf 76' lang='lat' dir='ltr'><strong>sita</strong></span> <span class='ocrx_word' id='word_1_55' title='bbox 1066 1380 1238 1445; x_wconf 82' lang='lat' dir='ltr'><strong>urbis</strong></span> <span class='ocrx_word' id='word_1_56' title='bbox 1310 1382 1708 1448; x_wconf 75' lang='lat' dir='ltr'><strong>Hierusalem</strong></span> <span class='ocrx_word' id='word_1_57' title='bbox 1740 1431 1757 1465; x_wconf 91' lang='lat'><strong>,</strong></span> <span class='ocrx_word' id='word_1_58' title='bbox 1832 1392 1962 1449; x_wconf 77' lang='lat' dir='ltr'><strong>sive</strong></span> <span class='ocrx_word' id='word_1_59' title='bbox 2032 1384 2112 1448; x_wconf 84' lang='lat' dir='ltr'><strong>de</strong></span> <span class='ocrx_word' id='word_1_60' title='bbox 2180 1385 2334 1449; x_wconf 71' lang='lat' dir='ltr'><strong>loeis</strong></span> 
     </span>
     <span class='ocr_line' id='line_1_9' title="bbox 282 1506 549 1566; baseline 0.011 -4"><span class='ocrx_word' id='word_1_61' title='bbox 282 1506 549 1566; x_wconf 77' lang='lat' dir='ltr'><strong>sanetis.</strong></span> 
     </span>
    </p>

    <p class='ocr_par' dir='ltr' id='par_1_4' title="bbox 282 1615 2348 3347">
     <span class='ocr_line' id='line_1_10' title="bbox 375 1615 2335 1707; baseline 0.002 -28"><span class='ocrx_word' id='word_1_62' title='bbox 375 1615 712 1705; x_wconf 80' lang='lat' dir='ltr'><strong>Superest,</strong></span> <span class='ocrx_word' id='word_1_63' title='bbox 788 1632 858 1680; x_wconf 86' lang='lat' dir='ltr'><strong>ut</strong></span> <span class='ocrx_word' id='word_1_64' title='bbox 912 1615 993 1681; x_wconf 90' lang='lat' dir='ltr'><strong>de</strong></span> <span class='ocrx_word' id='word_1_65' title='bbox 1053 1618 1181 1681; x_wconf 85' lang='lat' dir='ltr'><strong>hoc</strong></span> <span class='ocrx_word' id='word_1_66' title='bbox 1220 1617 1469 1682; x_wconf 78' lang='lat' dir='ltr'><strong>-lihello</strong></span> <span class='ocrx_word' id='word_1_67' title='bbox 1491 1665 1509 1700; x_wconf 86' lang='lat'><strong>,</strong></span> <span class='ocrx_word' id='word_1_68' title='bbox 1578 1617 1770 1707; x_wconf 87' lang='lat' dir='ltr'><strong>longe</strong></span> <span class='ocrx_word' id='word_1_69' title='bbox 1830 1629 1980 1682; x_wconf 84' lang='lat' dir='ltr'><strong>ante</strong></span> <span class='ocrx_word' id='word_1_70' title='bbox 2048 1615 2335 1682; x_wconf 84' lang='lat' dir='ltr'><strong>Iudicem</strong></span> 
     </span>
     <span class='ocr_line' id='line_1_11' title="bbox 282 1733 2348 1824; baseline 0.002 -26"><span class='ocrx_word' id='word_1_71' title='bbox 282 1735 560 1822; x_wconf 89' lang='lat' dir='ltr'><strong>scripto,</strong></span> <span class='ocrx_word' id='word_1_72' title='bbox 596 1733 908 1822; x_wconf 87' lang='lat' dir='ltr'><strong>quaedam</strong></span> <span class='ocrx_word' id='word_1_73' title='bbox 935 1750 1251 1800; x_wconf 82' lang='lat' dir='ltr'><strong>notemuS.</strong></span> <span class='ocrx_word' id='word_1_74' title='bbox 1335 1736 1499 1800; x_wconf 87' lang='lat' dir='ltr'><strong>Cum</strong></span> <span class='ocrx_word' id='word_1_75' title='bbox 1526 1736 1753 1801; x_wconf 83' lang='lat' dir='ltr'><strong>ceteris</strong></span> <span class='ocrx_word' id='word_1_76' title='bbox 1779 1759 1987 1800; x_wconf 70' lang='lat' dir='ltr'><strong>namn</strong></span> <span class='ocrx_word' id='word_1_77' title='bbox 2022 1736 2348 1824; x_wconf 79' lang='lat' dir='ltr'><strong>Operibus,</strong></span> 
     </span>
     <span class='ocr_line' id='line_1_12' title="bbox 283 1849 2337 1940; baseline 0 -25"><span class='ocrx_word' id='word_1_78' title='bbox 283 1852 355 1915; x_wconf 90' lang='lat' dir='ltr'><strong>in</strong></span> <span class='ocrx_word' id='word_1_79' title='bbox 386 1849 591 1915; x_wconf 89' lang='lat' dir='ltr'><strong>Editt.</strong></span> <span class='ocrx_word' id='word_1_80' title='bbox 616 1853 803 1916; x_wconf 86' lang='lat' dir='ltr'><strong>Basil.</strong></span> <span class='ocrx_word' id='word_1_81' title='bbox 829 1868 894 1917; x_wconf 88' lang='lat' dir='ltr'><strong>et</strong></span> <span class='ocrx_word' id='word_1_82' title='bbox 920 1853 1154 1918; x_wconf 91' lang='lat' dir='ltr'><strong>Colon.</strong></span> <span class='ocrx_word' id='word_1_83' title='bbox 1193 1853 1384 1919; x_wconf 88' lang='lat' dir='ltr'><strong>Tom.</strong></span> <span class='ocrx_word' id='word_1_84' title='bbox 1407 1854 1522 1920; x_wconf 91' lang='lat' dir='ltr'><strong>III.</strong></span> <span class='ocrx_word' id='word_1_85' title='bbox 1562 1853 1835 1936; x_wconf 85' lang='lat' dir='ltr'><strong>editum,</strong></span> <span class='ocrx_word' id='word_1_86' title='bbox 1874 1877 2144 1940; x_wconf 90' lang='lat' dir='ltr'><strong>cumque</strong></span> <span class='ocrx_word' id='word_1_87' title='bbox 2178 1852 2337 1916; x_wconf 91' lang='lat' dir='ltr'><strong>duo-</strong></span> 
     </span>
     <span class='ocr_line' id='line_1_13' title="bbox 287 1965 2339 2056; baseline 0 -26"><span class='ocrx_word' id='word_1_88' title='bbox 287 1969 409 2031; x_wconf 90' lang='lat' dir='ltr'><strong>bus</strong></span> <span class='ocrx_word' id='word_1_89' title='bbox 448 1965 654 2032; x_wconf 90' lang='lat' dir='ltr'><strong>Codd.</strong></span> <span class='ocrx_word' id='word_1_90' title='bbox 693 1968 878 2033; x_wconf 88' lang='lat' dir='ltr'><strong>MSS.</strong></span> <span class='ocrx_word' id='word_1_91' title='bbox 924 1971 1196 2056; x_wconf 85' lang='lat' dir='ltr'><strong>antiquis</strong></span> <span class='ocrx_word' id='word_1_92' title='bbox 1241 1970 1548 2033; x_wconf 87' lang='lat' dir='ltr'><strong>collatum</strong></span> <span class='ocrx_word' id='word_1_93' title='bbox 1567 2015 1586 2050; x_wconf 93' lang='lat'><strong>,</strong></span> <span class='ocrx_word' id='word_1_94' title='bbox 1631 1991 1783 2033; x_wconf 90' lang='lat' dir='ltr'><strong>suae</strong></span> <span class='ocrx_word' id='word_1_95' title='bbox 1818 1970 2013 2033; x_wconf 90' lang='lat' dir='ltr'><strong>etiam</strong></span> <span class='ocrx_word' id='word_1_96' title='bbox 2051 1968 2339 2033; x_wconf 89' lang='lat' dir='ltr'><strong>Editioni</strong></span> 
     </span>
     <span class='ocr_line' id='line_1_14' title="bbox 286 2066 2332 2173; baseline 0 -25"><span class='ocrx_word' id='word_1_97' title='bbox 286 2108 431 2149; x_wconf 91' lang='lat' dir='ltr'><strong>eum</strong></span> <span class='ocrx_word' id='word_1_98' title='bbox 471 2085 734 2148; x_wconf 87' lang='lat' dir='ltr'><strong>inseruit</strong></span> <span class='ocrx_word' id='word_1_99' title='bbox 768 2106 992 2149; x_wconf 72' lang='lat' dir='ltr'><strong>sun-11.</strong></span> <span class='ocrx_word' id='word_1_100' title='bbox 1089 2085 1314 2172; x_wconf 84' lang='lat' dir='ltr'><strong>Neque</strong></span> <span class='ocrx_word' id='word_1_101' title='bbox 1344 2108 1675 2173; x_wconf 87' lang='lat' dir='ltr'><strong>possumus</strong></span> <span class='ocrx_word' id='word_1_102' title='bbox 1706 2109 1839 2150; x_wconf 91' lang='lat' dir='ltr'><strong>non</strong></span> <span class='ocrx_word' id='word_1_103' title='bbox 1880 2085 2184 2150; x_wconf 86' lang='lat' dir='ltr'><strong>adsentiri</strong></span> <span class='ocrx_word' id='word_1_104' title='bbox 2221 2066 2332 2167; x_wconf 80' lang='lat' dir='ltr'><strong>iis,</strong></span> 
     </span>
     <span class='ocr_line' id='line_1_15' title="bbox 292 2201 2343 2290; baseline 0.001 -27"><span class='ocrx_word' id='word_1_105' title='bbox 292 2202 398 2289; x_wconf 92' lang='lat' dir='ltr'><strong>qui</strong></span> <span class='ocrx_word' id='word_1_106' title='bbox 437 2202 623 2288; x_wconf 83' lang='lat' dir='ltr'><strong>hujus</strong></span> <span class='ocrx_word' id='word_1_107' title='bbox 659 2201 1057 2289; x_wconf 84' lang='lat' dir='ltr'><strong>scriptionis,</strong></span> <span class='ocrx_word' id='word_1_108' title='bbox 1097 2203 1380 2289; x_wconf 85' lang='lat' dir='ltr'><strong>quamvis</strong></span> <span class='ocrx_word' id='word_1_109' title='bbox 1420 2204 1595 2267; x_wconf 87' lang='lat' dir='ltr'><strong>varia</strong></span> <span class='ocrx_word' id='word_1_110' title='bbox 1635 2203 1922 2268; x_wconf 89' lang='lat' dir='ltr'><strong>continet</strong></span> <span class='ocrx_word' id='word_1_111' title='bbox 1954 2204 2162 2266; x_wconf 87' lang='lat' dir='ltr'><strong>miuus</strong></span> <span class='ocrx_word' id='word_1_112' title='bbox 2195 2220 2343 2290; x_wconf 91' lang='lat' dir='ltr'><strong>pro-</strong></span> 
     </span>
     <span class='ocr_line' id='line_1_16' title="bbox 288 2318 2341 2407; baseline -0 -25"><span class='ocrx_word' id='word_1_113' title='bbox 288 2318 502 2383; x_wconf 89' lang='lat' dir='ltr'><strong>banda</strong></span> <span class='ocrx_word' id='word_1_114' title='bbox 542 2318 668 2407; x_wconf 88' lang='lat'><strong>(1),</strong></span> <span class='ocrx_word' id='word_1_115' title='bbox 721 2342 939 2382; x_wconf 72' lang='lat' dir='ltr'><strong>BnnAM</strong></span> <span class='ocrx_word' id='word_1_116' title='bbox 982 2342 1206 2383; x_wconf 83' lang='lat' dir='ltr'><strong>verum</strong></span> <span class='ocrx_word' id='word_1_117' title='bbox 1251 2335 1582 2383; x_wconf 84' lang='lat' dir='ltr'><strong>auctorem</strong></span> <span class='ocrx_word' id='word_1_118' title='bbox 1624 2342 1757 2384; x_wconf 89' lang='lat' dir='ltr'><strong>esse</strong></span> <span class='ocrx_word' id='word_1_119' title='bbox 1805 2320 2170 2407; x_wconf 86' lang='lat' dir='ltr'><strong>opinantur.</strong></span> <span class='ocrx_word' id='word_1_120' title='bbox 2265 2320 2341 2382; x_wconf 90' lang='lat' dir='ltr'><strong>In</strong></span> 
     </span>
     <span class='ocr_line' id='line_1_17' title="bbox 289 2435 2338 2525; baseline -0 -24"><span class='ocrx_word' id='word_1_121' title='bbox 289 2436 419 2501; x_wconf 88' lang='lat' dir='ltr'><strong>fine</strong></span> <span class='ocrx_word' id='word_1_122' title='bbox 479 2452 651 2501; x_wconf 89' lang='lat' dir='ltr'><strong>certe</strong></span> <span class='ocrx_word' id='word_1_123' title='bbox 712 2459 1092 2501; x_wconf 68' lang='lat' dir='ltr'><strong>Auem-runs</strong></span> <span class='ocrx_word' id='word_1_124' title='bbox 1149 2435 1403 2524; x_wconf 86' lang='lat' dir='ltr'><strong>quidam</strong></span> <span class='ocrx_word' id='word_1_125' title='bbox 1427 2486 1446 2520; x_wconf 80' lang='lat'><strong>,</strong></span> <span class='ocrx_word' id='word_1_126' title='bbox 1531 2438 1885 2502; x_wconf 84' lang='lat' dir='ltr'><strong>Galliarum</strong></span> <span class='ocrx_word' id='word_1_127' title='bbox 1943 2438 2338 2525; x_wconf 83' lang='lat' dir='ltr'><strong>Episcopus,</strong></span> 
     </span>
     <span class='ocr_line' id='line_1_18' title="bbox 293 2530 2343 2646; baseline -0 -29"><span class='ocrx_word' id='word_1_128' title='bbox 293 2577 486 2642; x_wconf 89' lang='lat' dir='ltr'><strong>quum</strong></span> <span class='ocrx_word' id='word_1_129' title='bbox 540 2554 684 2619; x_wconf 89' lang='lat' dir='ltr'><strong>loca</strong></span> <span class='ocrx_word' id='word_1_130' title='bbox 728 2572 945 2620; x_wconf 87' lang='lat' dir='ltr'><strong>sancta</strong></span> <span class='ocrx_word' id='word_1_131' title='bbox 1000 2530 1296 2620; x_wconf 88' lang='lat' dir='ltr'><strong>visitandi</strong></span> <span class='ocrx_word' id='word_1_132' title='bbox 1353 2557 1557 2646; x_wconf 85' lang='lat' dir='ltr'><strong>gratia</strong></span> <span class='ocrx_word' id='word_1_133' title='bbox 1625 2556 1899 2645; x_wconf 86' lang='lat' dir='ltr'><strong>patriam</strong></span> <span class='ocrx_word' id='word_1_134' title='bbox 1960 2555 2343 2641; x_wconf 86' lang='lat' dir='ltr'><strong>reliquerat,</strong></span> 
     </span>
     <span class='ocr_line' id='line_1_19' title="bbox 291 2670 2336 2760; baseline -0.002 -24"><span class='ocrx_word' id='word_1_135' title='bbox 291 2674 744 2757; x_wconf 74' lang='lat' dir='ltr'><strong>Hierosolymis</strong></span> <span class='ocrx_word' id='word_1_136' title='bbox 797 2673 1041 2760; x_wconf 86' lang='lat' dir='ltr'><strong>aliquot</strong></span> <span class='ocrx_word' id='word_1_137' title='bbox 1088 2696 1335 2739; x_wconf 88' lang='lat' dir='ltr'><strong>menses</strong></span> <span class='ocrx_word' id='word_1_138' title='bbox 1385 2673 1749 2737; x_wconf 84' lang='lat' dir='ltr'><strong>demoratus</strong></span> <span class='ocrx_word' id='word_1_139' title='bbox 1769 2719 1787 2752; x_wconf 92' lang='lat'><strong>,</strong></span> <span class='ocrx_word' id='word_1_140' title='bbox 1833 2670 2336 2750; x_wconf 74' lang='lat' dir='ltr'><strong>Alexandriam,</strong></span> 
     </span>
     <span class='ocr_line' id='line_1_20' title="bbox 291 2788 2339 2877; baseline -0.001 -25"><span class='ocrx_word' id='word_1_141' title='bbox 291 2790 680 2853; x_wconf 78' lang='lat' dir='ltr'><strong>Damascum</strong></span> <span class='ocrx_word' id='word_1_142' title='bbox 706 2837 724 2872; x_wconf 88' lang='lat'>‚</span> <span class='ocrx_word' id='word_1_143' title='bbox 800 2789 1383 2876; x_wconf 72' lang='lat' dir='ltr'><strong>Constantinopolin</strong></span> <span class='ocrx_word' id='word_1_144' title='bbox 1450 2804 1517 2853; x_wconf 91' lang='lat' dir='ltr'><strong>et</strong></span> <span class='ocrx_word' id='word_1_145' title='bbox 1570 2788 1856 2856; x_wconf 83' lang='lat' dir='ltr'><strong>Siciliam</strong></span> <span class='ocrx_word' id='word_1_146' title='bbox 1913 2788 2298 2877; x_wconf 88' lang='lat' dir='ltr'><strong>percurrisse</strong></span> <span class='ocrx_word' id='word_1_147' title='bbox 2319 2834 2339 2868; x_wconf 87' lang='lat'><strong>,</strong></span> 
     </span>
     <span class='ocr_line' id='line_1_21' title="bbox 294 2904 2346 2995; baseline -0 -24"><span class='ocrx_word' id='word_1_148' title='bbox 294 2904 621 2995; x_wconf 88' lang='lat' dir='ltr'><strong>ventisque</strong></span> <span class='ocrx_word' id='word_1_149' title='bbox 672 2908 1007 2973; x_wconf 89' lang='lat' dir='ltr'><strong>contrariis</strong></span> <span class='ocrx_word' id='word_1_150' title='bbox 1048 2909 1118 2971; x_wconf 91' lang='lat' dir='ltr'><strong>in</strong></span> <span class='ocrx_word' id='word_1_151' title='bbox 1148 2909 1531 2973; x_wconf 79' lang='lat' dir='ltr'><strong>Britanniae</strong></span> <span class='ocrx_word' id='word_1_152' title='bbox 1570 2908 1763 2972; x_wconf 85' lang='lat' dir='ltr'><strong>litora</strong></span> <span class='ocrx_word' id='word_1_153' title='bbox 1795 2906 1996 2972; x_wconf 83' lang='lat' dir='ltr'><strong>redux</strong></span> <span class='ocrx_word' id='word_1_154' title='bbox 2044 2905 2346 2971; x_wconf 87' lang='lat' dir='ltr'><strong>advectus</strong></span> 
     </span>
     <span class='ocr_line' id='line_1_22' title="bbox 295 3024 2344 3112; baseline -0.002 -21"><span class='ocrx_word' id='word_1_155' title='bbox 295 3049 427 3091; x_wconf 90' lang='lat' dir='ltr'><strong>esse</strong></span> <span class='ocrx_word' id='word_1_156' title='bbox 464 3026 724 3091; x_wconf 89' lang='lat' dir='ltr'><strong>dicitur.</strong></span> <span class='ocrx_word' id='word_1_157' title='bbox 819 3027 958 3087; x_wconf 87' lang='lat' dir='ltr'><strong>Jam</strong></span> <span class='ocrx_word' id='word_1_158' title='bbox 988 3025 1095 3088; x_wconf 88' lang='lat' dir='ltr'><strong>hic</strong></span> <span class='ocrx_word' id='word_1_159' title='bbox 1138 3048 1244 3107; x_wconf 90' lang='lat' dir='ltr'><strong>ea,</strong></span> <span class='ocrx_word' id='word_1_160' title='bbox 1293 3049 1453 3111; x_wconf 88' lang='lat' dir='ltr'><strong>quae</strong></span> <span class='ocrx_word' id='word_1_161' title='bbox 1491 3024 1742 3089; x_wconf 79' lang='lat' dir='ltr'><strong>viderat</strong></span> <span class='ocrx_word' id='word_1_162' title='bbox 1771 3042 1836 3088; x_wconf 93' lang='lat' dir='ltr'><strong>et</strong></span> <span class='ocrx_word' id='word_1_163' title='bbox 1870 3026 2344 3112; x_wconf 87' lang='lat' dir='ltr'><strong>exploraverat,</strong></span> 
     </span>
     <span class='ocr_line' id='line_1_23' title="bbox 292 3140 2346 3227; baseline -0.004 -18"><span class='ocrx_word' id='word_1_164' title='bbox 292 3142 864 3209; x_wconf 87' lang='lat' dir='ltr'><strong>communicavisse</strong></span> <span class='ocrx_word' id='word_1_165' title='bbox 894 3155 1184 3205; x_wconf 85' lang='lat' dir='ltr'><strong>narratur</strong></span> <span class='ocrx_word' id='word_1_166' title='bbox 1220 3141 1760 3206; x_wconf 66' lang='lat' dir='ltr'><strong>cum&#39;AnAMNANo</strong></span> <span class='ocrx_word' id='word_1_167' title='bbox 1788 3140 2205 3227; x_wconf 83' lang='lat' dir='ltr'><strong>PresbyterO,</strong></span> <span class='ocrx_word' id='word_1_168' title='bbox 2237 3140 2346 3224; x_wconf 91' lang='lat' dir='ltr'><strong>qui</strong></span> 
     </span>
     <span class='ocr_line' id='line_1_24' title="bbox 291 3255 2348 3347; baseline -0.004 -20"><span class='ocrx_word' id='word_1_169' title='bbox 291 3284 371 3327; x_wconf 90' lang='lat' dir='ltr'><strong>ex</strong></span> <span class='ocrx_word' id='word_1_170' title='bbox 425 3263 560 3346; x_wconf 91' lang='lat' dir='ltr'><strong>ejus</strong></span> <span class='ocrx_word' id='word_1_171' title='bbox 603 3258 854 3325; x_wconf 90' lang='lat' dir='ltr'><strong>dictatis</strong></span> <span class='ocrx_word' id='word_1_172' title='bbox 902 3275 1027 3324; x_wconf 88' lang='lat' dir='ltr'><strong>tres</strong></span> <span class='ocrx_word' id='word_1_173' title='bbox 1085 3258 1282 3322; x_wconf 86' lang='lat' dir='ltr'><strong>libros</strong></span> <span class='ocrx_word' id='word_1_174' title='bbox 1336 3273 1793 3347; x_wconf 80' lang='lat' dir='ltr'><strong>componeret3</strong></span> <span class='ocrx_word' id='word_1_175' title='bbox 1839 3274 2033 3344; x_wconf 76' lang='lat' dir='ltr'><strong>atque</strong></span> <span class='ocrx_word' id='word_1_176' title='bbox 2077 3257 2227 3320; x_wconf 89' lang='lat' dir='ltr'><strong>hinc</strong></span> <span class='ocrx_word' id='word_1_177' title='bbox 2272 3255 2348 3318; x_wconf 89' lang='lat' dir='ltr'><strong>li-</strong></span> 
     </span>
    </p>
   </div>
   <div class='ocr_carea' id='block_1_3' title="bbox 381 3542 2353 4282">
    <p class='ocr_par' dir='ltr' id='par_1_5' title="bbox 381 3542 2353 4282">
     <span class='ocr_line' id='line_1_25' title="bbox 381 3542 2347 3617; baseline -0.002 -18"><span class='ocrx_word' id='word_1_178' title='bbox 381 3548 465 3617; x_wconf 87' lang='lat'><strong>(1)</strong></span> <span class='ocrx_word' id='word_1_179' title='bbox 504 3543 579 3598; x_wconf 83' lang='lat' dir='ltr'><strong>Ita</strong></span> <span class='ocrx_word' id='word_1_180' title='bbox 622 3547 689 3597; x_wconf 82' lang='lat' dir='ltr'><strong>de</strong></span> <span class='ocrx_word' id='word_1_181' title='bbox 733 3562 792 3596; x_wconf 82' lang='lat' dir='ltr'><strong>ea</strong></span> <span class='ocrx_word' id='word_1_182' title='bbox 830 3542 1030 3613; x_wconf 85' lang='lat' dir='ltr'><strong>judicat</strong></span> <span class='ocrx_word' id='word_1_183' title='bbox 1072 3542 1283 3594; x_wconf 79' lang='lat' dir='ltr'><strong>doctiss.</strong></span> <span class='ocrx_word' id='word_1_184' title='bbox 1313 3556 1573 3594; x_wconf 72' lang='lat' dir='ltr'><strong>murum.</strong></span> <span class='ocrx_word' id='word_1_185' title='bbox 1605 3545 1662 3594; x_wconf 92' lang='lat' dir='ltr'><strong>in</strong></span> <span class='ocrx_word' id='word_1_186' title='bbox 1690 3544 1882 3607; x_wconf 77' lang='lat' dir='ltr'><strong>Biogr.</strong></span> <span class='ocrx_word' id='word_1_187' title='bbox 1913 3544 2060 3593; x_wconf 83' lang='lat' dir='ltr'><strong>Brit.</strong></span> <span class='ocrx_word' id='word_1_188' title='bbox 2095 3542 2274 3594; x_wconf 78' lang='lat' dir='ltr'><strong>«This</strong></span> <span class='ocrx_word' id='word_1_189' title='bbox 2301 3546 2347 3596; x_wconf 78' lang='lat' dir='ltr'><strong>is</strong></span> 
     </span>
     <span class='ocr_line' id='line_1_26' title="bbox 502 3625 2351 3699; baseline -0.004 -15"><span class='ocrx_word' id='word_1_190' title='bbox 502 3630 829 3699; x_wconf 69' lang='lat' dir='ltr'><strong>confessedly</strong></span> <span class='ocrx_word' id='word_1_191' title='bbox 873 3629 1027 3680; x_wconf 85' lang='lat' dir='ltr'><strong>taken</strong></span> <span class='ocrx_word' id='word_1_192' title='bbox 1068 3638 1158 3680; x_wconf 85' lang='lat' dir='ltr'><strong>out</strong></span> <span class='ocrx_word' id='word_1_193' title='bbox 1193 3628 1250 3679; x_wconf 82' lang='lat' dir='ltr'><strong>of</strong></span> <span class='ocrx_word' id='word_1_194' title='bbox 1277 3646 1306 3678; x_wconf 83' lang='lat' dir='ltr'><strong>a</strong></span> <span class='ocrx_word' id='word_1_195' title='bbox 1335 3626 1472 3679; x_wconf 85' lang='lat' dir='ltr'><strong>book</strong></span> <span class='ocrx_word' id='word_1_196' title='bbox 1508 3629 1715 3679; x_wconf 78' lang='lat' dir='ltr'><strong>written</strong></span> <span class='ocrx_word' id='word_1_197' title='bbox 1757 3646 1828 3679; x_wconf 90' lang='lat' dir='ltr'><strong>on</strong></span> <span class='ocrx_word' id='word_1_198' title='bbox 1858 3625 1945 3678; x_wconf 89' lang='lat' dir='ltr'><strong>the</strong></span> <span class='ocrx_word' id='word_1_199' title='bbox 1978 3644 2117 3678; x_wconf 79' lang='lat' dir='ltr'><strong>same</strong></span> <span class='ocrx_word' id='word_1_200' title='bbox 2146 3626 2351 3696; x_wconf 79' lang='lat' dir='ltr'><strong>subject</strong></span> 
     </span>
     <span class='ocr_line' id='line_1_27' title="bbox 507 3710 2349 3784; baseline -0.002 -18"><span class='ocrx_word' id='word_1_201' title='bbox 507 3716 579 3784; x_wconf 73' lang='lat' dir='ltr'><strong>by</strong></span> <span class='ocrx_word' id='word_1_202' title='bbox 620 3715 953 3766; x_wconf 80' lang='lat' dir='ltr'><strong>Adamnanus</strong></span> <span class='ocrx_word' id='word_1_203' title='bbox 975 3749 991 3776; x_wconf 89' lang='lat'><strong>,</strong></span> <span class='ocrx_word' id='word_1_204' title='bbox 1028 3711 1131 3763; x_wconf 83' lang='lat' dir='ltr'><strong>and</strong></span> <span class='ocrx_word' id='word_1_205' title='bbox 1175 3712 1220 3762; x_wconf 84' lang='lat' dir='ltr'><strong>is</strong></span> <span class='ocrx_word' id='word_1_206' title='bbox 1254 3710 1353 3763; x_wconf 85' lang='lat' dir='ltr'><strong>full</strong></span> <span class='ocrx_word' id='word_1_207' title='bbox 1387 3710 1445 3762; x_wconf 88' lang='lat' dir='ltr'><strong>of</strong></span> <span class='ocrx_word' id='word_1_208' title='bbox 1474 3711 1809 3780; x_wconf 74' lang='lat' dir='ltr'><strong>superstition</strong></span> <span class='ocrx_word' id='word_1_209' title='bbox 1837 3711 1941 3761; x_wconf 82' lang='lat' dir='ltr'><strong>and</strong></span> <span class='ocrx_word' id='word_1_210' title='bbox 1971 3710 2136 3763; x_wconf 82' lang='lat' dir='ltr'><strong>fables</strong></span> <span class='ocrx_word' id='word_1_211' title='bbox 2154 3748 2170 3775; x_wconf 89' lang='lat'><strong>,</strong></span> <span class='ocrx_word' id='word_1_212' title='bbox 2210 3728 2265 3762; x_wconf 84' lang='lat' dir='ltr'><strong>so</strong></span> <span class='ocrx_word' id='word_1_213' title='bbox 2297 3729 2349 3762; x_wconf 83' lang='lat' dir='ltr'><strong>as</strong></span> 
     </span>
     <span class='ocr_line' id='line_1_28' title="bbox 501 3793 2350 3852; baseline -0.003 -3"><span class='ocrx_word' id='word_1_214' title='bbox 501 3810 553 3850; x_wconf 84' lang='lat' dir='ltr'><strong>to</strong></span> <span class='ocrx_word' id='word_1_215' title='bbox 580 3800 712 3852; x_wconf 76' lang='lat' dir='ltr'><strong>have</strong></span> <span class='ocrx_word' id='word_1_216' title='bbox 743 3796 1016 3849; x_wconf 86' lang='lat' dir='ltr'><strong>furnished</strong></span> <span class='ocrx_word' id='word_1_217' title='bbox 1047 3795 1173 3847; x_wconf 86' lang='lat' dir='ltr'><strong>such</strong></span> <span class='ocrx_word' id='word_1_218' title='bbox 1202 3813 1256 3847; x_wconf 80' lang='lat' dir='ltr'><strong>as</strong></span> <span class='ocrx_word' id='word_1_219' title='bbox 1284 3795 1415 3846; x_wconf 77' lang='lat' dir='ltr'><strong>have</strong></span> <span class='ocrx_word' id='word_1_220' title='bbox 1444 3793 1696 3846; x_wconf 89' lang='lat' dir='ltr'><strong>censured</strong></span> <span class='ocrx_word' id='word_1_221' title='bbox 1725 3811 1819 3844; x_wconf 87' lang='lat' dir='ltr'><strong>our</strong></span> <span class='ocrx_word' id='word_1_222' title='bbox 1845 3793 2030 3845; x_wconf 81' lang='lat' dir='ltr'><strong>author</strong></span> <span class='ocrx_word' id='word_1_223' title='bbox 2057 3794 2188 3846; x_wconf 75' lang='lat' dir='ltr'><strong>with</strong></span> <span class='ocrx_word' id='word_1_224' title='bbox 2214 3804 2350 3844; x_wconf 82' lang='lat' dir='ltr'><strong>most</strong></span> 
     </span>
     <span class='ocr_line' id='line_1_29' title="bbox 503 3875 2347 3950; baseline -0.004 -18"><span class='ocrx_word' id='word_1_225' title='bbox 503 3882 561 3933; x_wconf 79' lang='lat' dir='ltr'><strong>of</strong></span> <span class='ocrx_word' id='word_1_226' title='bbox 587 3882 723 3933; x_wconf 87' lang='lat' dir='ltr'><strong>their</strong></span> <span class='ocrx_word' id='word_1_227' title='bbox 756 3882 1049 3950; x_wconf 80' lang='lat' dir='ltr'><strong>quotations</strong></span> <span class='ocrx_word' id='word_1_228' title='bbox 1069 3916 1085 3943; x_wconf 89' lang='lat'><strong>,</strong></span> <span class='ocrx_word' id='word_1_229' title='bbox 1124 3890 1176 3930; x_wconf 89' lang='lat' dir='ltr'><strong>to</strong></span> <span class='ocrx_word' id='word_1_230' title='bbox 1210 3878 1457 3931; x_wconf 82' lang='lat' dir='ltr'><strong>discredit</strong></span> <span class='ocrx_word' id='word_1_231' title='bbox 1481 3878 1568 3928; x_wconf 87' lang='lat' dir='ltr'><strong>his</strong></span> <span class='ocrx_word' id='word_1_232' title='bbox 1593 3878 1859 3945; x_wconf 81' lang='lat' dir='ltr'><strong>writings;</strong></span> <span class='ocrx_word' id='word_1_233' title='bbox 1896 3875 2014 3928; x_wconf 81' lang='lat' dir='ltr'><strong>how</strong></span> <span class='ocrx_word' id='word_1_234' title='bbox 2046 3876 2347 3943; x_wconf 75' lang='lat' dir='ltr'><strong>equitably,</strong></span> 
     </span>
     <span class='ocr_line' id='line_1_30' title="bbox 509 3961 2353 4030; baseline -0.003 -16"><span class='ocrx_word' id='word_1_235' title='bbox 509 3964 599 4015; x_wconf 84' lang='lat' dir='ltr'><strong>the</strong></span> <span class='ocrx_word' id='word_1_236' title='bbox 641 3963 831 4014; x_wconf 86' lang='lat' dir='ltr'><strong>candid</strong></span> <span class='ocrx_word' id='word_1_237' title='bbox 873 3961 975 4011; x_wconf 86' lang='lat' dir='ltr'><strong>and</strong></span> <span class='ocrx_word' id='word_1_238' title='bbox 1000 3963 1266 4030; x_wconf 83' lang='lat' dir='ltr'><strong>judicious</strong></span> <span class='ocrx_word' id='word_1_239' title='bbox 1295 3962 1478 4013; x_wconf 86' lang='lat' dir='ltr'><strong>reader</strong></span> <span class='ocrx_word' id='word_1_240' title='bbox 1508 3980 1626 4030; x_wconf 73' lang='lat' dir='ltr'><strong>may</strong></span> <span class='ocrx_word' id='word_1_241' title='bbox 1649 3961 1833 4029; x_wconf 84' lang='lat' dir='ltr'><strong>judge.</strong></span> <span class='ocrx_word' id='word_1_242' title='bbox 1851 3981 1879 4009; x_wconf 71' lang='lat' dir='ltr'><strong>r&gt;</strong></span> <span class='ocrx_word' id='word_1_243' title='bbox 1918 3962 1982 4011; x_wconf 79' lang='lat' dir='ltr'><strong>Et</strong></span> <span class='ocrx_word' id='word_1_244' title='bbox 2009 3977 2129 4011; x_wconf 80' lang='lat' dir='ltr'><strong>vero</strong></span> <span class='ocrx_word' id='word_1_245' title='bbox 2150 3997 2166 4024; x_wconf 89' lang='lat'><strong>,</strong></span> <span class='ocrx_word' id='word_1_246' title='bbox 2198 3976 2353 4010; x_wconf 89' lang='lat' dir='ltr'><strong>com-</strong></span> 
     </span>
     <span class='ocr_line' id='line_1_31' title="bbox 507 4044 2348 4115; baseline -0.003 -17"><span class='ocrx_word' id='word_1_247' title='bbox 507 4058 716 4111; x_wconf 84' lang='lat' dir='ltr'><strong>menta,</strong></span> <span class='ocrx_word' id='word_1_248' title='bbox 770 4049 962 4115; x_wconf 87' lang='lat' dir='ltr'><strong>quibus</strong></span> <span class='ocrx_word' id='word_1_249' title='bbox 1006 4046 1064 4096; x_wconf 89' lang='lat' dir='ltr'><strong>in</strong></span> <span class='ocrx_word' id='word_1_250' title='bbox 1107 4046 1206 4096; x_wconf 86' lang='lat' dir='ltr'><strong>hoc</strong></span> <span class='ocrx_word' id='word_1_251' title='bbox 1249 4045 1435 4097; x_wconf 88' lang='lat' dir='ltr'><strong>libello</strong></span> <span class='ocrx_word' id='word_1_252' title='bbox 1471 4045 1821 4107; x_wconf 83' lang='lat' dir='ltr'><strong>offendimur,</strong></span> <span class='ocrx_word' id='word_1_253' title='bbox 1859 4061 1965 4094; x_wconf 89' lang='lat' dir='ltr'><strong>non</strong></span> <span class='ocrx_word' id='word_1_254' title='bbox 1997 4044 2161 4111; x_wconf 80' lang='lat' dir='ltr'><strong>ipsius</strong></span> <span class='ocrx_word' id='word_1_255' title='bbox 2191 4058 2348 4093; x_wconf 68' lang='lat' dir='ltr'><strong>ntum</strong></span> 
     </span>
     <span class='ocr_line' id='line_1_32' title="bbox 506 4127 2351 4196; baseline -0.002 -17"><span class='ocrx_word' id='word_1_256' title='bbox 506 4140 654 4179; x_wconf 88' lang='lat' dir='ltr'><strong>sunt:</strong></span> <span class='ocrx_word' id='word_1_257' title='bbox 711 4141 876 4180; x_wconf 84' lang='lat' dir='ltr'><strong>narrat</strong></span> <span class='ocrx_word' id='word_1_258' title='bbox 919 4128 1275 4180; x_wconf 87' lang='lat' dir='ltr'><strong>tantummodo</strong></span> <span class='ocrx_word' id='word_1_259' title='bbox 1298 4166 1314 4193; x_wconf 88' lang='lat'><strong>,</strong></span> <span class='ocrx_word' id='word_1_260' title='bbox 1366 4145 1499 4194; x_wconf 87' lang='lat' dir='ltr'><strong>quae</strong></span> <span class='ocrx_word' id='word_1_261' title='bbox 1540 4130 1766 4179; x_wconf 76' lang='lat' dir='ltr'><strong>virorum</strong></span> <span class='ocrx_word' id='word_1_262' title='bbox 1797 4144 2012 4196; x_wconf 75' lang='lat' dir='ltr'><strong>magnae</strong></span> <span class='ocrx_word' id='word_1_263' title='bbox 2044 4127 2351 4179; x_wconf 80' lang='lat' dir='ltr'><strong>auctoritatis</strong></span> 
     </span>
     <span class='ocr_line' id='line_1_33' title="bbox 508 4213 1712 4282; baseline -0.003 -17"><span class='ocrx_word' id='word_1_264' title='bbox 508 4215 821 4267; x_wconf 76' lang='lat' dir='ltr'><strong>testimoniis</strong></span> <span class='ocrx_word' id='word_1_265' title='bbox 858 4214 1009 4265; x_wconf 82' lang='lat' dir='ltr'><strong>relata</strong></span> <span class='ocrx_word' id='word_1_266' title='bbox 1048 4224 1099 4266; x_wconf 84' lang='lat' dir='ltr'><strong>et</strong></span> <span class='ocrx_word' id='word_1_267' title='bbox 1135 4213 1464 4282; x_wconf 78' lang='lat' dir='ltr'><strong>comprobata</strong></span> <span class='ocrx_word' id='word_1_268' title='bbox 1502 4213 1712 4280; x_wconf 72' lang='lat' dir='ltr'><strong>legerat.</strong></span> 
     </span>
    </p>
   </div>
   <div class='ocr_carea' id='block_1_4' title="bbox 2055 4335 2088 4352">
    <p class='ocr_par' dir='ltr' id='par_1_6' title="bbox 2055 4335 2088 4352">
     <span class='ocr_line' id='line_1_34' title="bbox 2055 4335 2088 4352; baseline 0 -2"><span class='ocrx_word' id='word_1_269' title='bbox 2055 4335 2088 4352; x_wconf 49' lang='grc' dir='ltr'>Ἠ</span> 
     </span>
    </p>
   </div>
  </div>
 </body>
</html>
