2922 5195
1555 517 1637 578 52

568 724 768 791 quam
832 699 939 764 alii
961 746 980 782 ‚
1047 720 1259 763 smnus
1328 696 1587 763 solliciti
1608 745 1627 782 ,
1703 720 1823 763 nec
1902 697 1983 764 de
2054 724 2263 767 mmm
2335 704 2615 769 concivis

570 819 838 883 meritis‘
884 832 1073 905 atque
1143 812 1503 881 eruditione
1576 815 1783 880 minus
1862 817 2201 905 magnifice
2288 822 2615 886 sentimus.

560 935 861 1024 Scriptor
911 957 1187 1022 nuperus
1243 955 1512 997 cssnun
1566 955 1771 997 ouum
1833 934 2018 998 nobis
2070 936 2138 1000 in
2195 938 2620 1025 opprobrium

566 1054 788 1133 vertit,
839 1051 1012 1139 quod
1059 1051 1277 1115 omnia
1328 1072 1537 1114 manu:
1583 1073 1816 1138 opera,
1869 1075 1906 1115 e
1956 1050 2216 1117 diversis
2265 1055 2619 1119 Bibliothe-

570 1194 790 1235 carum
844 1170 1225 1233 nostratium
1245 1215 1264 1251 ,
1323 1169 1549 1255 quibus
1606 1167 1824 1232 abdita
1878 1168 2079 1234 latent
2093 1218 2115 1251 ‚
2170 1172 2393 1236 forulis
2442 1189 2624 1237 eruta

568 1285 859 1351 nondum
896 1286 1429 1376 evulgaverimus3
1483 1301 1550 1350 et
1591 1287 1689 1350 vir
1732 1286 1904 1350 Clar.
1944 1308 2132 1352 sons.
2174 1311 2624 1356 summamus

574 1421 643 1468 se
687 1404 1236 1469 Commentarium
1292 1394 1501 1467 nunus
1551 1405 1618 1468 in
1667 1403 1984 1492 Epistolas
2038 1425 2236 1468 mmm
2274 1408 2621 1495 genuinum

576 1522 710 1609 (qui
755 1544 951 1609 penes
1014 1521 1223 1609 ipsum
1267 1519 1515 1607 manet)
1561 1519 1705 1584 luce
1750 1518 2138 1584 donaturum
2186 1544 2320 1586 esse
2380 1520 2626 1588 dudum

572 1637 944 1727 spopondit.
994 1638 1093 1701 Ne
1127 1635 1373 1726 integra
1405 1637 1600 1727 igitur
1622 1659 1832 1701 mmm
1859 1635 2092 1704 edendi
2125 1639 2330 1728 gloria
2365 1639 2504 1704 aliis
2529 1662 2626 1705 re-

574 1755 931 1840 linquatur,
982 1755 1100 1818 ista
1126 1755 1352 1818 saltem
1382 1755 1561 1818 istius
1590 1755 2067 1820 Commentaria
2090 1757 2324 1845 Angli-5
2346 1759 2623 1845 primum

576 1869 874 1959 evulgare
920 1868 1112 1933 liceat
1124 1899 1172 1933 ι.
1223 1906 1313 1919 -
1358 1869 1537 1932 Haec
1578 1871 1721 1953 ille,
1781 1894 1920 1934 rem
1954 1871 2130 1958 quod
2167 1871 2441 1955 adtinet,
2478 1873 2628 1938 satis

575 2004 753 2053 recte
770 2035 790 2070 ,
849 1987 1126 2075 datoque
1186 1987 1479 2075 exemplo
1495 2035 1515 2070 ,
1571 1985 1749 2074 quod
1802 2002 2049 2070 tamen,
2103 2002 2178 2050 ut
2233 1987 2627 2073 videbimuS,

578 2129 709 2171 non
759 2105 944 2169 multi
991 2105 1193 2170 secuti
1240 2118 1407 2168 sunt.
1502 2103 1887 2193 Fragmenta
1921 2106 2131 2190 ¹hujus
2179 2106 2625 2192 Expositionis

574 2224 707 2307 jam
732 2238 918 2287 antea
926 2223 1090 2309 juris
1105 2222 1351 2312 publici
1364 2221 1612 2285 fecerat
1630 2220 1805 2286 idem
1815 2243 2222 2287 wrnwrouus
2238 2222 2307 2285 in
2314 2224 2627 2287 Auctario

579 2339 673 2402 ad
691 2362 938 2405 ussmm
961 2343 1135 2407 Hisc.
1160 2341 1395 2427 Dogm.
1431 2337 1641 2405 Lond.
1671 2339 1861 2426 1689.
1893 2363 1964 2428 p.
1992 2336 2347 2427 356‚seqq.
2398 2339 2629 2405 Postea

578 2479 724 2523 eam
758 2456 1017 2545 repetiit
1054 2479 1215 2521 mm.
1253 2478 1561 2521 nun-rmus
1586 2456 1658 2520 in
1692 2457 2004 2523 Thesaur.
2034 2457 2283 2522 Anecd.
2310 2456 2500 2525 Tom.
2539 2456 2625 2523 V.

577 2601 727 2668 pag.
792 2600 821 2642 1
837 2573 939 2642 15.

670 2695 705 2758 J
709 2718 814 2760 am
859 2715 1025 2759 unm
1067 2693 1245 2758 hunc
1289 2694 1838 2758 Commentarium
1883 2698 1952 2756 in
2003 2698 2253 2757 initium
2311 2692 2634 2758 Geneseos

583 2820 815 2901 rogatu
864 2834 1068 2876 Accu:
1079 2859 1102 2892 ‚
1151 2811 1455 2901 Episcopi
1487 2811 2025 2902 Hagustaldensis
2043 2859 2063 2894 ,
2098 2812 2350 2901 scripsit
2394 2812 2518 2895 ita,
2561 2826 2634 2875 ut

584 2944 958 3015 excerperet
985 2950 1131 2989 eum
1159 2949 1238 2989 ex
1261 2928 1442 2990 libris
1466 2927 1866 3014 potissimum
1891 2950 2134 2992 lusan
2169 2930 2634 3013 CaesariensiS,

586 3066 779 3131 quem
826 3064 1223 3106 nusi-umus
1277 3030 1537 3130 quidam
1582 3041 1663 3109 de
1723 3043 1976 3109 Graeco
2031 3045 2101 3109 in
2159 3046 2452 3109 Latinum
2506 3069 2635 3110 ser-

584 3183 845 3225 monem
892 3175 1169 3225 verterat
1187 3208 1206 3242 ,
1254 3183 1571 3226 annosa
1617 3163 2121 3227 Mediolanensis
2170 3178 2236 3227 et
2279 3184 2637 3229 Aue-usum

585 3282 1035 3366 Hipponensis.
1107 3277 1459 3342 «Nimirum
1477 3325 1497 3360 ,
1544 3278 1778 3365 inquit,
1822 3299 1983 3365 quae
2009 3294 2141 3342 tam
2167 3280 2465 3368 copiosa,
2498 3295 2631 3344 tam

587 3411 733 3460 sunt
765 3396 892 3460 alta
908 3443 928 3478 ,
980 3409 1053 3459 ut
1084 3394 1193 3458 vix
1236 3394 1359 3458 nisi
1400 3418 1437 3458 a
1480 3394 2011 3483 locupletioribus
2038 3411 2139 3459 tot
2173 3396 2501 3461 volumina
2532 3419 2634 3461 ac-

589 3514 753 3601 quiri
770 3563 787 3597 ‚
845 3514 951 3578 vix
997 3527 1130 3576 tam
1182 3510 1507 3600 profunda
1563 3512 1687 3576 nisi
1744 3513 1828 3577 ab
1879 3511 2329 3579 eruditioribus
2382 3514 2639 3579 valeant

587 3631 974 3718 perscrutari
994 3678 1012 3713 ‚
1075 3628 1319 3717 placuit
1363 3643 1609 3694 vestrae
1668 3628 2002 3695 Sanctitati
2065 3630 2136 3696 id
2192 3632 2375 3696 nobis
2433 3630 2637 3696 officii

588 3746 917 3835 injungere
945 3793 963 3828 ‚
1034 3747 1109 3809 ut
1156 3743 1237 3810 de
1291 3745 1588 3811 'omnibus
1641 3747 1772 3828 his,
1829 3747 2003 3813 velut
2052 3745 2133 3812 de
2173 3749 2635 3813 amoenissimis

585 3863 713 3928 late
765 3861 1049 3928 florentis
1104 3862 1389 3927 Paradisi
1445 3864 1717 3952 campis,
1782 3888 1942 3952 quae
1999 3864 2404 3931 infirmorum
2465 3864 2638 3931 vide-

585 3998 805 4047 rentur
853 3981 1210 4059 necessitati
1265 3980 1557 4047 sufficere
1582 4031 1599 4065 ‚
1653 3981 2179 4072 decerperemus»
2233 3984 2348 4074 (1).
2444 3985 2634 4051 Nunc

667 4226 751 4294 (1)
790 4227 955 4279 Banu:
996 4229 1152 4296 Oper.
1184 4228 1336 4279 Tom.
1366 4228 1455 4279 IV.
1489 4244 1606 4294 pag.
1634 4226 1682 4276 1.
