2922 5195
1587 508 1669 566 50

616 687 767 768 bus-5
810 693 881 750 in
909 708 1033 776 quo
1073 708 1323 769 omneS,
1372 708 1529 775 quos
1570 689 1851 750 invenire
1866 692 2055 772 potui
2071 733 2090 767 ,
2142 709 2270 751 non
2305 686 2505 752 solum
2533 710 2656 777 quo

609 806 712 868 die
730 854 748 885 ,
790 828 1014 869 verum
1041 813 1230 868 etiam
1264 826 1387 893 quo
1410 826 1649 892 genere
1677 810 2076 885 certaminis,
2125 805 2242 868 vel
2264 805 2384 869 sub
2413 828 2538 894 quo
2553 809 2656 894 ju-

609 922 751 984 dice
786 923 1085 985 mundum
1117 929 1427 1004 vicerint,
1473 922 1812 1008 diligenter
1852 921 2160 985 adnotare
2190 923 2428 988 studui.

700 1040 895 1103 Liber
935 1043 1360 1125 Hymnorum,
1411 1038 1660 1103 diverso
1707 1052 1904 1103 metro
1924 1086 1943 1122 ,
1992 1046 2121 1104 sive
2165 1038 2476 1124 rhythmo·

699 1159 895 1223 Liber
933 1161 1485 1246 Epigrammatum
1505 1205 1524 1239 ,
1581 1158 1835 1221 heroico
1879 1169 2077 1221 metro
2096 1204 2116 1239 ,
2176 1164 2306 1221 sive
2349 1157 2655 1243 elegiaco.

702 1279 802 1339 De
844 1278 1099 1343 Natura
1144 1300 1351 1340 rerum
1371 1325 1390 1357 ,
1440 1289 1507 1339 et
1544 1275 1624 1339 de
1670 1274 2081 1362 Temporibus
2102 1321 2120 1356 ,
2172 1273 2321 1337 libri
2348 1275 2611 1361 singuli.

702 1397 896 1476 Item,
947 1396 1027 1458 de
1080 1394 1523 1481 Temporibus,
1574 1393 1737 1456 liber
1779 1416 1940 1456 unus
1984 1394 2209 1478 major.

703 1512 898 1575 Liber
936 1513 1016 1575 cle
1071 1512 1579 1601 orthographia,
1628 1510 1996 1599 alokabetlzi
2034 1508 2255 1572 ordine
2293 1509 2654 1572 distinctu-5.

702 1633 896 1712 Item,
947 1629 1145 1695 Liber
1186 1631 1266 1695 cle
1322 1632 1599 1695 Mettica
1636 1643 1818 1710 ιιι-ως
1863 1641 1930 1692 et
1973 1628 2118 1691 kuic
2164 1627 2451 1714 acljectus
2492 1627 2659 1691 alius

610 1747 691 1809 de
721 1749 1192 1829 SchematibuS,
1241 1756 1374 1813 sive
1413 1751 1643 1836 Tropis
1664 1747 1911 1813 libellus
1921 1722 1963 1827 ,ἢ
1995 1746 2112 1810 hoc
2155 1759 2284 1827 est,
2323 1744 2403 1809 de
2412 1746 2660 1832 figuris

610 1862 934 1952 modisque
975 1864 1355 1926 locutionum
1374 1910 1393 1944 ,
1443 1863 1673 1949 quibus
1721 1867 2049 1950 Scriptura
2081 1866 2321 1928 Sancta
2353 1876 2657 1929 contexta

606 1996 725 2047 est.

700 2100 799 2164 De
849 2099 1106 2189 singulis
1140 2096 1442 2186 deinceps
1489 2112 1556 2161 et
1591 2094 1941 2162 secundum
1977 2097 2335 2161 institutum
2365 2096 2666 2164 nostrum

608 2214 929 2305 agendum
963 2216 1107 2282 erit.
1199 2216 1234 2279 J
1238 2239 1342 2280 am
1380 2239 1542 2281 vero
1585 2217 1794 2305 ipsum
1827 2214 2118 2280 Iudicem
2159 2217 2512 2281 accuratius
2556 2219 2655 2282 in-

607 2331 977 2418 spicientes,
1025 2356 1249 2397 omnes
1285 2334 1521 2414 libros,
1570 2334 1638 2398 in
1670 2355 1750 2398 eo
1781 2332 2100 2399 indicatos
2117 2381 2136 2415 ,
2186 2330 2269 2396 ad
2305 2334 2429 2399 tria
2463 2334 2655 2399 facile

606 2471 843 2539 genera
880 2449 1105 2513 referri
1137 2473 1324 2538 posse
1363 2434 1921 2539 deprehendimus·
2017 2451 2306 2515 Primum
2341 2452 2535 2540 igitur
2563 2451 2655 2515 di-

609 2589 825 2632 cemus
866 2566 949 2632 de
981 2567 1472 2633 Commentariis
1514 2570 1585 2633 in
1620 2567 1819 2634 Vetus
1856 2567 2331 2632 Testamentum
2351 2615 2371 2650 ,
2422 2567 2656 2634 deinde

610 2686 693 2751 de
735 2687 1224 2751 Commentariis
1273 2687 1344 2751 in
1393 2688 1654 2752 Novum
1691 2686 2168 2751 Testamentum
2183 2733 2202 2766 ,
2253 2683 2526 2772 denique
2572 2684 2659 2751 de
2695 2665 2705 2671 ⁵

607 2805 794 2866 variis
850 2805 1100 2891 scriptis
1123 2851 1142 2887 ,
1205 2804 1287 2868 ad
1353 2806 1703 2869 Historiam
1724 2853 1744 2887 ,
1806 2804 2310 2893 Chronologiam
2335 2851 2354 2887 ,
2411 2804 2656 2868 Literas

609 2919 1095 3003 pertinentibus.
1170 2920 1398 2981 Obiter
1442 2935 1737 2984 notamus
1778 2941 1976 3005 opera
1993 2966 2011 3001 ,
2062 2944 2271 2983 annm
2302 2919 2657 3008 adscripta,

613 3033 1009 3118 conjunctim
1035 3033 1208 3098 edita
1238 3058 1372 3099 esse
1404 3037 1715 3118 Parisiis,
1762 3057 1932 3099 anno
1975 3033 2172 3118 1544,
2204 3035 2448 3102 ibidem
2482 3059 2658 3106 anno

622 3149 822 3234 1554,
866 3153 1163 3217 Basileae
1226 3150 1426 3234 1563,
1481 3153 1778 3217 Coloniae
1837 3154 2034 3235 1612,
2093 3155 2368 3242 repetita
2410 3153 2657 3220 ibidem

614 3291 783 3333 anno
821 3268 1009 3333 1688.
1103 3269 1496 3340 Basilee'nsis
1527 3285 1738 3333 autem
1767 3285 1833 3334 et
1865 3270 2256 3335 Coloniensi-s*
2293 3270 2457 3335 1612
2494 3271 2659 3337 adeo

611 3386 1048 3475 frequentatae
1075 3404 1221 3453 sunt
1239 3436 1259 3471 ,
1306 3404 1378 3452 ut
1406 3388 1708 3453 alterutra
1755 3403 1929 3455 certe
1969 3389 2038 3454 in
2078 3389 2492 3453 Bibliothecis
2521 3388 2658 3455 fere

615 3508 910 3571 omnibus
956 3507 1226 3596 publicis
1282 3507 1622 3593 multisque
1672 3508 1932 3594 privatis
1981 3508 2359 3596 reperiatur.
2439 3505 2659 3587 Quare

609 3639 947 3712 utramque
979 3626 1174 3690 etiam
1205 3626 1572 3704 citabimus,
1627 3626 2128 3712 quotiescunque
2181 3625 2250 3689 in
2300 3626 2376 3689 iis
2411 3638 2659 3689 exstant

609 3740 789 3826 libri,
836 3744 942 3830 qui
996 3742 1344 3809 secundum
1389 3765 1597 3807 nense
1637 3741 1927 3809 Iudicem
1972 3767 2010 3807 a
2055 3743 2242 3808 nobis
2281 3742 2658 3808 recensendi

613 3876 782 3929 sunt.
