2922 5195
1267 494 1347 555 77

280 678 413 759 jam
444 670 735 736 diximus,
785 670 867 735 Et
891 672 957 733 in
981 671 1245 757 antiquo
1274 668 1520 734 Codice
1551 669 1989 736 Bibliothecae
2016 670 2329 738 Laubien·

283 799 375 854 sis
397 788 557 854 illud
589 789 804 854 deesse
830 788 1079 854 notavit
1101 810 1578 869 nAn1LLou1ns3
1619 786 2161 874 quemadmodum
2192 812 2327 854 non

286 922 484 972 exstat
525 906 715 971 etiam
753 906 821 970 in
857 904 1157 970 Editione
1175 952 1194 986 ,
1245 928 1437 992 quam
1472 906 1714 969 curavit
1747 927 2171 969 omnum-ms
2202 906 2326 993 (ι).

371 1027 472 1089 De
528 1027 851 1099 Historiis
921 1024 1330 1088 Sanctorum:
1398 1022 1627 1086 librum
1690 1030 1854 1086 vitae
1903 1034 1972 1086 et
2003 1029 2336 1109 passionis

277 1165 328 1208 S.
396 1165 647 1207 rnmcls
721 1141 1120 1228 Confissoris
1144 1187 1163 1223 ,
1226 1140 1306 1205 de
1363 1147 1622 1206 metrico
1690 1161 1961 1204 nuum
2014 1162 2201 1226 opere
2257 1145 2325 1205 in

273 1283 535 1347 prosam
592 1258 910 1351 transtzdi.
973 1340 981 1359 ῃ
2225 1314 2228 1319 ,

367 1376 520 1443 Vita
565 1396 814 1442 nucis
860 1375 1258 1441 Confessoiis
1281 1421 1300 1457 ‚
1348 1373 1712 1462 Presbyteri
1746 1371 1955 1440 Nolae
1970 1420 1989 1454 ,
2035 1386 2236 1440 exstat
2261 1372 2330 1435 in

284 1491 460 1561 Edit.
505 1492 696 1557 Basil.
751 1492 944 1559 Tom.
985 1492 1101 1558 111.
1139 1516 1208 1581 p.
1242 1489 1571 1574 255-262,
1622 1489 1854 1555 Colon.
1892 1513 1959 1578 p.
2010 1488 2328 1575 185-190,

284 1624 351 1673 et
397 1632 435 1673 a
471 1630 817 1673 nonmno
859 1608 1055 1673 etiam
1095 1610 1331 1673 inserta
1371 1623 1466 1672 est
1506 1609 1691 1670 Actis
1733 1607 2105 1671 Sanctorum
2128 1604 2211 1669 ad
2253 1609 2332 1682 14

282 1727 539 1792 Ianuar.
592 1726 783 1792 Tom.
835 1726 890 1791 1.
941 1749 1008 1813 p.
1057 1725 1224 1812 943,
1272 1724 1448 1790 Edit.
1499 1725 1699 1789 Antv.
1760 1722 1948 1802 1643.
2042 1719 2330 1787 Eandem

285 1867 629 1926 sun-mm,
679 1867 827 1909 cum
892 1866 1201 1931 nusquam
1261 1842 1585 1931 exemplar
1639 1841 1782 1907 MS.
1847 1841 2132 1907 invenire
2195 1856 2337 1930 pot·

284 1976 470 2027 uerat
484 2008 505 2043 ,
578 1983 657 2025 ex
719 1960 816 2024 his
884 1959 1290 2025 Editionibus
1361 1974 1658 2023 accurate
1721 1957 1973 2023 collatis
2033 1956 2293 2044 repetiit
2307 2001 2329 2038 ,

281 2079 451 2142 inter
502 2077 717 2163 Opera
762 2097 970 2140 nanu:
1015 2077 1365 2139 Historica.
1414 2074 1719 2143 Cantabr.
1777 2095 1941 2161 1722
1987 2071 2108 2160 (2).

371 2192 635 2258 Librum
668 2199 834 2258 vitae
863 2205 928 2257 et
946 2200 1278 2280 passionis
1312 2215 1366 2256 S.
1394 2214 1725 2258 uus-usn
1740 2238 1759 2272 ‚
1796 2190 1963 2254 male
1982 2189 2064 2253 de
2093 2190 2341 2255 Graeco

287 2311 666 2375 translatum
678 2356 700 2391 ‚
760 2323 828 2375 et
865 2311 1057 2397 pejus
1100 2333 1164 2372 -a
1219 2309 1495 2399 quodam
1529 2324 1532 2327 ’
1561 2314 1849 2396 imperito
1907 2307 2333 2390 emendatum,

273 2440 473 2514 prout
510 2433 738 2515 potui,
786 2426 879 2490 ad
916 2441 1168 2491 sensum
1212 2435 1491 2494 correxi.

374 2545 451 2609 In
507 2542 707 2611 Editt.
761 2541 1157 2611 desideratur
1173 2591 1192 2627 ,
1245 2559 1312 2610 et
1350 2545 1520 2610 inter
1569 2543 1769 2610 libros
1816 2543 2182 2634 deperditos
2232 2567 2335 2611 re-

289 2678 585 2727 censetur
625 2684 663 2725 a
715 2684 919 2725 cuno
964 2661 1082 2749 (3).

383 2778 601 2841 Vitam
647 2779 712 2842 S.
768 2779 1025 2858 Patris,
1075 2775 1384 2839 Monackz·
1432 2775 1628 2844 simul
1670 2788 1737 2839 et
1779 2776 2146 2858 Antistitis,
2188 2797 2342 2841 cun-

290 2914 524 2958 nmic‘n
542 2940 564 2977 ,
592 2957 597 2962 ,
630 2906 693 2958 et
729 2901 919 2981 prius
974 2893 1233 2962 heroico
1282 2905 1480 2958 metro
1498 2939 1520 2976 ,
1586 2905 1654 2957 et
1692 2892 2096 2980 postmodum
2132 2894 2340 2982 plano

286 3035 575 3082 sermone
618 3012 951 3100 descripsi.

296 3206 301 3212 ¹
371 3129 587 3193 Vitam
629 3152 999 3194 cummium
1047 3127 1391 3218 Episcopi,
1441 3127 1723 3192 versibus
1754 3128 2155 3193 Hexametris
2187 3134 2339 3196 scri-

282 3261 461 3335 ptam
482 3293 502 3329 ,
553 3270 715 3334 quae
753 3248 823 3310 iu
867 3244 1067 3312 Editt.
1114 3243 1513 3311 desideratur
1531 3292 1552 3327 ,
1601 3245 1847 3333 primus
1893 3244 2139 3334 publici
2178 3247 2337 3332 juris

280 3364 438 3429 fecit
501 3386 788 3428 cuusms
845 3366 1131 3428 Lection.
1205 3365 1434 3449 Antiq.
1503 3362 1693 3426 Tom.
1761 3360 1846 3424 V.
1906 3384 1973 3447 p.
2031 3362 2192 3447 692,
2273 3379 2341 3428 et

287 3481 460 3549 Edit.
504 3503 653 3547 nov.
705 3481 897 3546 Tom.
946 3479 1030 3544 H.
1075 3477 1218 3543 init.
1261 3476 1492 3541 Melius
1527 3492 1770 3565 ‘postea
1805 3476 2095 3542 libellum
2138 3476 2341 3543 edidit

376 3785 459 3854 (l)
499 3786 784 3840 Ennaton.
828 3787 991 3854 Elog.
1039 3803 1153 3840 ιιι».
1183 3790 1240 3839 in
1268 3789 1392 3839 Act.
1421 3785 1558 3838 Ben.
1585 3783 1625 3837 1.
1654 3783 1693 3837 1.
1724 3786 1811 3839 n0.
1840 3782 1909 3838 29
1938 3797 1991 3838 et
2019 3787 2185 3840 Anal.
2220 3789 2337 3841 Vct.

506 3869 654 3921 Tom.
683 3871 727 3922 I.
756 3888 879 3940 pag.
904 3872 956 3923 9.
989 3871 1129 3922 Edit.
1158 3888 1319 3923 novae
1350 3871 1512 3922 Paris.
1542 3888 1662 3940 pag.
1688 3870 1812 3921 398.
1881 3868 2165 3921 Cannu.
2191 3870 2342 3923 Εἰσί.

495 3952 644 4003 Eccl.
675 3968 833 4004 niun
872 3954 983 4004 Par.
1011 3955 1167 4006 1681.
1204 3973 1324 4023 pag.
1354 3955 1440 4005 13.

381 4030 466 4099 (2)
507 4031 630 4084 vid.
662 4035 865 4097 Proch,
918 4053 1074 4102 quam
1119 4052 1363 4088 canamus
1408 4035 1587 4100 filius,
1626 4053 1743 4087 eum
1775 4038 1932 4104 patris
1958 4051 2165 4087 ,muns
2207 4052 2339 4105 opus

499 4114 709 4178 ederet,
749 4117 1071 4183 conscripsit.

369 4197 453 4266 (3)
496 4199 642 4249 Hist.
676 4199 788 4249 Lit.
817 4199 856 4253 l.
883 4201 922 4251 l.
950 4217 1071 4266 pag.
1102 4200 1223 4252 616.
