2922 5195
1501 484 1582 541 72

526 668 659 750 ejus
686 664 1103 741 insereretur,
1154 660 1653 723 communicavit
1685 657 1804 745 (1).
1902 657 2052 737 Quo
2079 660 2255 725 facto
2274 710 2294 743 ,
2328 685 2568 726 cneus

524 778 960 867 praemonuit:
1022 778 1192 840 «Cur
1242 776 1453 840 lucem
1501 777 1809 839 hactenus
1861 798 1997 839 non
2044 775 2310 860 viderit,
2360 779 2581 843 dicant

527 897 671 979 alii,
722 897 877 984 quin
915 911 980 961 et
1027 897 1160 983 ipse
1182 946 1187 951 .
1213 893 1494 982 prudens
1537 910 1604 958 et
1646 916 1879 980 aequus
1924 894 2131 959 lector
2183 896 2372 960 facile
2410 896 2581 960 devi-

523 1015 771 1079 nabit.»
831 1013 1034 1078 Nobis
1079 1012 1258 1078 illam
1303 1013 1570 1102 Prologi
1600 1027 1853 1101 partem
1867 1060 1896 1105 ,'
1935 1035 2098 1100 quae
2125 1014 2251 1077 huc
2282 1029 2581 1103 spectare

523 1130 806 1211 videtur,
857 1128 1216 1210 describere
1255 1128 1437 1193 lubet
1454 1176 1474 1210 ,
1526 1151 1654 1216 quo
1707 1129 2051 1194 clarissime
2090 1145 2354 1218 apparet
2372 1177 2391 1212 ,
2441 1131 2579 1195 An·-

522 1249 748 1313 tistites
806 1270 1133 1312 sacrorum
1150 1295 1169 1329 ,
1227 1247 1536 1312 ecclesiae
1580 1250 1907 1314 Romanae
1950 1247 2272 1331 addictos,
2324 1248 2406 1312 de
2455 1271 2578 1313 suo

525 1368 888 1456 principatu
913 1365 1154 1432 tuendo
1186 1368 1640 1467 omnibusque,
1670 1372 2371 1455 quaeopponerentur,
2407 1388 2585 1429 amo-

526 1483 749 1550 vendis
791 1478 962 1548 haud
996 1494 1233 1572 ‘parum
1273 1484 1463 1549 fuisse
1506 1484 1839 1549 sollicitos·
1934 1484 2041 1548 Sic
2077 1483 2270 1573 igitur
2309 1483 2536 1572 incipit
2554 1505 2576 1546 ε

616 1603 930 1667 «JAconus
950 1650 969 1685 ,
1026 1624 1300 1684 rn'rntJS,
1347 1625 1626 1669 Jouutns
1644 1649 1664 1686 ‚
1709 1624 1936 1684 sunm,
1979 1590 2223 1691 septem
2266 1600 2586 1690 Epistolas

525 1717 894 1801 ediderunt,
907 1768 923 1781 ,
962 1741 1117 1806 quas
1179 1719 1626 1784 Ecclesiastica
1698 1716 2096 1784 consuetudo
2175 1717 2541 1783 Catholicas
2557 1765 2579 1800 ‚

525 1837 593 1900 h.
645 1858 705 1899 e.
774 1835 1171 1899 [laevet-sales
1228 1838 1669 1922 cognominat.
1764 1837 1839 1899 In
1894 1837 2118 1923 quibus
2169 1834 2322 1900 ideo
2374 1835 2583 1923 prima

526 1952 813 2040 Epistola
867 1972 1095 2015 ucom
1142 1951 1436 2038 ponitur,
1507 1952 1655 2039 quia
1710 1953 1847 2040 ipse
1902 1952 2434 2044 Jerosohmorum
2482 1974 2583 2019 re-

526 2069 805 2159 gundam
849 2069 1127 2156 suscepit
1173 2068 1533 2133 ecclesiam.
1628 2069 1703 2131 In
1745 2067 2055 2156 Catalogo
2091 2071 2264 2132 enim
2293 2069 2586 2156 Aposto-.

529 2187 741 2251 lorum
765 2187 1013 2276 priores
1041 2186 1251 2250 solent
1279 2186 1598 2251 nominari
1625 2188 1868 2249 rmnns
1897 2201 1963 2249 et
1984 2190 2304 2266 sonuum
2337 2185 2584 2250 Verum

528 2304 674 2367 fons
707 2321 774 2368 et
800 2306 986 2393 origo
1011 2305 1430 2394 Evangelicae
1458 2292 2291 2393 praedicationisincipiens
2312 2302 2431 2392 (2),
2462 2327 2583 2394 per

530 2423 756 2485 orbem
784 2420 1014 2485 diffusa
1042 2437 1137 2485 est
1165 2422 1549 2486 universum.
1601 2422 1792 2506 Cujus
1820 2419 2176 2485 Cathedrae
2191 2420 2580 2510 ¹dignitatem

532 2539 724 2603 etiam
773 2560 1018 2602 numus
1044 2539 1394 2628 Apostolus
1424 2539 1493 2603 in
1519 2561 1600 2604 eo
1637 2536 2035 2604 nominando
2070 2560 2381 2605 venerans
2400 2587 2420 2623 ‚
2453 2541 2577 2606 ait:

532 2679 841 2740 ucomm,
895 2680 1132 2722 cssrnAs
1182 2673 1247 2722 et
1294 2678 1607 2739 Jonmms,
1659 2656 1767 2744 qui
1816 2655 2202 2722 videbantur
2244 2657 2586 2721 columnae

533 2776 895 2858 Ecclesiae3
953 2775 1055 2840 vel
1113 2773 1289 2840 certe
1304 2822 1323 2856 ,
1371 2774 1517 2860 quia
1570 2775 1705 2862 ipse
1754 2771 2095 2837 duodecim
2147 2775 2437 2838 tribubus
2469 2776 2584 2838 ¹Is-

533 2894 762 2972 melis,
812 2915 974 2978 quae
998 2892 1244 2978 primae
1277 2889 1720 2972 crediderunt,
1770 2913 1951 2954 suam
1983 2892 2337 2979 Epistolam
2371 2893 2580 2973 misit,

535 3014 756 3070 merito
769 3014 987 3094 prima
1002 3012 1167 3092 poni
1190 3004 1444 3085 debuit;
1473 3014 1695 3070 merito
1721 3030 1913 3071 rn‘riu
1936 3008 2213 3072 secunda
2231 3055 2251 3091 ,
2281 3009 2429 3095 quia
2445 3009 2584 3096 ipse

533 3122 752 3187 electis
792 3122 1047 3188 advenis
1065 3170 1084 3205 ‚
1129 3124 1234 3211 qui
1259 3145 1488 3213 graece
1516 3123 1817 3189 dicuntur
1842 3127 2208 3211 Prosegytae
2229 3174 2250 3209 ‚
2292 3128 2421 3192 hoc
2449 3144 2579 3212 est,
2671 3103 2678 3113 Λ

532 3243 624 3306 eis
663 3242 946 3330 scripsit,
995 3241 1100 3327 qui
1147 3238 1229 3305 de
1267 3240 1638 3307 Gentilitate
1671 3238 1754 3305 ad
1786 3241 2211 3325 Judaismum,
2260 3242 2342 3308 de
2375 3244 2588 3310 Judai-

434 3425 439 3434 ,
535 3355 673 3434 ε’ῐηο
704 3356 787 3421 ad
812 3357 1142 3423 electionis
1162 3359 1583 3448 Evangelicae
1610 3360 1876 3448 gratiam
1894 3359 2186 3424 conversi
2210 3377 2425 3444 sunt,»
2449 3379 2581 3430 cet.

621 3475 805 3540 Haec
853 3491 1064 3540 autem
1104 3476 1446 3564 Expositio
1486 3478 1920 3564 Epistolarum
1976 3477 2459 3558 Catholicarum,
2490 3480 2585 3544 la-

532 3592 707 3655 boris
756 3615 964 3656 numm
1009 3594 1081 3656 in
1126 3593 1366 3657 Literas
1422 3593 1648 3657 Sacras
1687 3591 1860 3664 haud
1906 3593 2126 3660 infima
2166 3619 2313 3685 pars
2345 3611 2474 3679 est,
2516 3614 2588 3664 et

531 3709 733 3771 varias
774 3708 1062 3770 continet
1107 3709 1665 3796 interpretationes
1705 3711 1911 3776 bonas
1952 3730 2016 3778 et
2061 3713 2425 3801 probabiles
2444 3711 2578 3802 (3),

617 3930 700 3998 (1)
742 3930 881 3984 Cur
921 3931 1068 3981 Hist.
1093 3901 1263 3980 Liter.
1294 3930 1410 3999 Sec.
1441 3930 1587 3984 vm.
1615 3950 1735 4002 pag.
1764 3935 1884 3987 614.

617 4014 700 4083 (2)
740 4013 928 4066 Deesse
959 4023 1099 4065 notat
1126 4029 1311 4066 onnus
1332 4051 1349 4078 ‚
1388 4016 1455 4065 ab
1485 4017 1885 4086 Hierosolymis·

619 4097 706 4164 (3)
745 4097 832 4150 cf.
861 4113 1164 4150 nonnum..
1194 4097 1232 4147 1.
1260 4099 1373 4162 cit„
1405 4101 1502 4167 qui
1534 4102 1820 4169 specimina
1849 4104 2102 4170 quaedam
2134 4121 2199 4155 ex
2229 4103 2313 4156 his
2339 4104 2588 4173 Epistolis

740 4182 938 4246 adfert,
979 4183 1125 4235 Tom.
1158 4182 1223 4232 V.
1254 4201 1372 4260 pag.
1401 4183 1695 4236 102—107.
