2922 5195
1046 1710 1660 1829 ΡΜΕΕΑΉΟ.

483 2409 697 2529 Quae
730 2446 835 2511 hic
852 2467 1308 2536 praemoneam
1326 2492 1344 2529 ,
1371 2466 1701 2533 perpauca
1738 2457 1903 2511 sunt.
1972 2443 2087 2509 Ad
2115 2466 2390 2512 summos

338 2601 407 2658 in
455 2594 809 2661 Academia
858 2591 1200 2683 Lugduno-
1176 2593 1440 2657 -Batava
1458 2640 1478 2675 ‚
1542 2590 1651 2656 ubi
1701 2591 1938 2657 abhinc
1992 2615 2197 2657 annos
2248 2606 2390 2658 octo

337 2740 691 2846 studiorum
736 2763 991 2805 cursum
1034 2739 1386 2850 conjecisse
1431 2738 1591 2801 mihi
1628 2738 1953 2825 gratulor,
2010 2737 2281 2803 honores
2325 2744 2393 2803 in

345 2886 696 2976 Theologia
744 2885 1119 2975 obtinendos
1132 2934 1151 2969 ,
1215 2886 1384 2950 hanc
1433 2886 1943 2974 Disputationem
1997 2885 2392 2952 conscribere

337 3044 405 3096 et
444 3038 719 3098 'virorum
768 3033 1266 3098 clarissimorum
1281 3080 1300 3116 ,
1351 3032 1582 3121 quibus
1626 3032 1896 3097 docendi
1916 3040 2254 3120 provincia
2284 3034 2393 3099 de-

340 3177 474 3244 lata
518 3192 648 3261 est,
695 3179 951 3267 judicio
997 3178 1397 3259 submittere,
1461 3192 1530 3244 ut
1577 3202 1662 3243 ex
1710 3179 1847 3268 lege
1895 3178 2238 3263 debebam,
2303 3188 2396 3246 ita

340 3347 613 3412 magnae
642 3325 802 3389 mibi
831 3339 975 3391 erat
997 3327 1327 3414 voluptati.'
1375 3328 1515 3391 Hoc
1547 3338 1758 3390 autem
1781 3326 2048 3390 consilio
2067 3292 2396 3410 Londino,

342 3446 451 3534 abi
493 3468 578 3535 ab
621 3493 697 3535 eo
741 3481 1015 3559 tempore
1058 3494 1317 3535 munere
1358 3493 1545 3535 sacro
1574 3471 1751 3557 apud
1774 3472 2110 3538 Nostrates
2121 3473 2399 3562 functus

341 3639 482 3684 sum
499 3666 520 3701 ,
569 3617 736 3684 hane
779 3623 850 3682 in
898 3617 1114 3683 urbem
1158 3617 1395 3699 redux,
1444 3619 1657 3684 dicere
1698 3644 1825 3685 non
1850 3644 2116 3709 possum
2129 3669 2148 3705 ,
2204 3645 2395 3712 quam

342 3766 525 3831 dulce
580 3766 740 3831 mihi
755 3814 774 3850 ‚
839 3789 1030 3855 quam
1068 3767 1582 3854 jucundissimae
1634 3768 2090 3833 recordationis
2129 3769 2395 3856 plenum

323 3914 571 3999 fierit,
627 3927 835 3979 vetera
890 3921 1017 3978 ista
1067 3922 1335 3980 revisere
1387 3916 1526 3980 loca
1549 3964 1567 3998 ‚
1615 3938 1779 4004 quae
1820 3924 1886 3978 in
1928 3929 2198 3979 mentem
2242 3916 2402 3979 mihi

347 4074 646 4127 revocant
687 4061 1148 4128 adolescentiae
1202 4084 1408 4127 annos
1441 4062 1825 4148 fele'cissime
1851 4074 2164 4151 peractos.
2246 4063 2320 4128 V
2306 4086 2405 4126 er·-
