2922 5195
1563 512 1646 573 66

583 696 753 758 nime
779 692 1251 781 obtemperasse
1278 689 1569 756 videntur
1601 691 1841 755 librarii
1875 692 1992 779 (1).
2093 694 2280 757 Unde
2312 696 2616 782 sequitur,

579 834 888 900 perquam
935 809 1196 874 difficile
1230 808 1404 874 dictu
1443 832 1612 892 esse,
1654 833 1962 896 quaenam
2003 813 2083 876 ab
2110 812 2251 900 ipso
2283 837 2450 878 mznA
2484 836 2629 905 pro-

578 928 748 993 fecta
769 977 787 1011 ‚
838 951 1147 1017 quaenam
1196 929 1278 993 ab
1325 928 1460 992 aliis
1508 926 1796 992 desumto.
1842 928 1990 993 sint.

671 1049 750 1111 In
792 1047 1211 1134 Evangelium
1259 1068 1470 1110 Lucus
1490 1094 1509 1128 ,
1560 1045 1709 1111 libri
1760 1049 1831 1109 V
1819 1048 1859 1109 I
1859 1096 1875 1112 .

669 1160 769 1228 De
827 1165 927 1228 his
985 1164 1203 1247 libris,
1269 1166 1373 1251 qui
1433 1164 1653 1228 inserti
1718 1180 1867 1229 sunt
1930 1165 2129 1253 Oper.
2195 1164 2365 1230 Edit.
2432 1163 2627 1229 Basil.

579 1282 771 1347 Tom.
832 1280 916 1347 V.
980 1305 1050 1369 p.
1110 1280 1431 1369 175·515‚
1498 1281 1730 1346 Colon.
1790 1277 1979 1345 Tom.
2035 1281 2117 1347 V.
2172 1305 2242 1369 p.
2297 1280 2631 1364 215-451‚

582 1399 806 1464 eadem
856 1395 1420 1462 animadvertenda
1473 1413 1649 1479 sunt,
1696 1420 1856 1484 quae
1910 1396 1991 1461 de
2044 1398 2507 1462 Commentario
2562 1405 2634 1460 in

583 1538 862 1579 runcum
927 1516 1308 1579 notavimus,
1403 1513 1743 1579 Praecedit
1799 1530 2010 1579 autem
2070 1515 2357 1603 Epistola
2425 1536 2632 1579 Accuz

584 1633 922 1721 Episcopi,
967 1633 1035 1696 in
1082 1655 1208 1720 qua
1253 1654 1459 1696 annus
1512 1630 1706 1696 dubia
1763 1633 2052 1697 moventi
2094 1632 2376 1696 occurrit
2392 1677 2413 1715 ‚
2461 1654 2635 1696 eum·

583 1765 708 1835 que
734 1766 987 1814 strenue
1012 1747 1320 1813 admonet
1335 1797 1353 1832 ,
1379 1765 1454 1812 ut
1473 1765 1621 1837 post
1638 1751 2127 1837 Expositionem
2158 1751 2434 1813 Actuum
2465 1751 2638 1838 Apo-

581 1865 883 1929 stolorum
926 1865 994 1927 in
1023 1885 1246 1929 Luem
1278 1882 1535 1950 quoque
1567 1867 1839 1948 scribat3
1887 1867 2200 1955 simulque
2232 1888 2380 1931 eum
2416 1874 2633 1956 rogat,

582 1997 659 2045 ut
702 2003 842 2046 suas
882 1981 1123 2048 Literas
1168 1978 1338 2045 libro
1384 1982 1753 2070 praemittat
1771 2029 1790 2064 ,
1841 2005 1878 2046 e
1922 1983 2153 2069 quibus
2198 2004 2351 2046 vera
2403 2005 2590 2046 causa
2607 2026 2630 2066 ,

582 2101 675 2164 ob
747 2118 939 2187 quam
999 2121 1157 2187 opus
1224 2120 1550 2189 aggressus
1621 2099 1704 2163 sit
1726 2146 1745 2181 ‚
1826 2100 2023 2163 cuivis
2098 2099 2335 2188 legenti
2388 2114 2627 2188 pateat.

586 2217 813 2305 Neque
856 2219 1028 2282 enim
1047 2263 1068 2300 ‚
1118 2218 1208 2281 ait
1225 2265 1244 2300 ‚
1281 2218 1503 2282 amicis
1539 2214 1994 2304 Fratribusque
2025 2240 2275 2282 morem
2317 2233 2593 2306 gesserat
2610 2263 2632 2300 ‚

581 2348 655 2398 ut
693 2355 1007 2399 sunnosn
1053 2334 1451 2423 aliorumque
1472 2382 1493 2418 ‚
1542 2336 1655 2421 qui
1697 2333 1780 2399 de
1822 2350 1992 2398 Luca
2029 2335 2445 2422 scripserant,
2502 2335 2633 2398 lau-

582 2445 732 2515 dem
782 2452 903 2514 sibi
954 2466 1231 2516 sumeret
1250 2499 1269 2533 ,
1340 2468 1451 2517 aut
1511 2452 1589 2514 iis
1644 2452 1911 2516 meliora
1964 2451 2046 2514 de
2104 2474 2221 2515 suo
2275 2452 2628 2540 proferret,

581 2583 803 2632 verum
836 2578 937 2650 ut,
983 2589 1145 2655 quae
1189 2569 1272 2632 ab
1317 2567 1454 2633 aliis
1502 2583 1611 2633 aut
1650 2567 1987 2633 sublimius
2008 2583 2116 2632 aut
2159 2569 2496 2635 obscurius
2539 2593 2631 2635 es-

583 2702 726 2752 sent
775 2685 948 2750 dicta
961 2735 980 2769 ,
1025 2687 1188 2751 haec
1232 2686 1607 2775 simpliciori
1654 2685 1820 2775 stylo
1867 2704 2265 2776 proponeret
2312 2703 2379 2752 et
2429 2688 2632 2777 expli·

585 2820 784 2868 caret.
879 2805 1171 2891 Denique
1238 2826 1401 2868 acca
1470 2826 1679 2869 nnnAn
1732 2804 2078 2893 significat,
2155 2828 2302 2869 eum
2355 2806 2425 2868 in
2473 2827 2632 2869 non-

584 2921 907 2984 nullorum
961 2923 1521 3007 reprehensionem
1567 2920 1863 2985 incidisse
1880 2969 1899 3003 ,
1951 2921 2125 3009 quod
2167 2945 2403 2987 novam
2454 2924 2631 3010 Apo·

583 3036 911 3123 calypseos
962 3036 1557 3124 interpretationem
1609 3053 1860 3102 secutus
1907 3061 2040 3103 esse
2085 3036 2429 3102 videretur.
2524 3037 2630 3102 Ad

582 3153 744 3217 haec
801 3174 969 3216 nam
1015 3152 1398 3218 amicissimo
1435 3153 1635 3219 modo
1680 3155 2058 3242 respondet,
2105 3155 2318 3219 statim
2370 3154 2634 3245 diligen-

583 3257 717 3334 tem
776 3271 957 3357 operi
1015 3293 1277 3335 manum
1323 3271 1705 3354 admovens,
1754 3274 1861 3335 «in
1908 3295 2036 3359 quo
2057 3320 2075 3354 ‚
2123 3272 2364 3358 inquit,
2414 3289 2489 3337 ut
2544 3275 2635 3337 in·
2675 3255 2678 3258 Ι

581 3411 847 3453 numera
874 3389 1265 3455 monasticae
1297 3392 1614 3456 servitutis
1646 3391 1998 3455 retinacula
2027 3374 2421 3479 praeteream
2439 3439 2458 3474 ,
2495 3392 2629 3480 ipse

583 3508 742 3571 mihi
785 3506 1065 3571 dictator
1106 3508 1292 3572 simul
1308 3557 1326 3591 ‚
1376 3510 1661 3574 notarius
1681 3557 1699 3591 ‚
1752 3525 1817 3573 et
1860 3510 2153 3574 librarius
2199 3509 2428 3575 exstiti.
2444 3539 2470 3565 n

678 3624 1059 3688 Omiliarum
1102 3626 1480 3713 Evangelii,
1531 3625 1681 3689 libri
1723 3626 1799 3688 II
1799 3674 1815 3690 .

672 3740 804 3803 Has
833 3741 1146 3805 Homilias
1184 3742 1401 3807 laudat
1445 3765 1829 3807 Bommcms
1861 3746 1928 3808 in
1962 3744 2244 3833 Epistola
2276 3743 2356 3807 ad
2388 3766 2626 3810 noann-

584 3882 756 3941 τως,
807 3860 1195 3948 Episcopum
1231 3861 1736 3945 Eboraeensem,
1789 3887 1974 3951 quem
2011 3880 2229 3953 rogat,
2272 3880 2345 3929 ut
2378 3865 2628 3928 mittere

668 4147 753 4215 (1)
795 4147 879 4199 Cf.
924 4162 1070 4200 men.
1105 4161 1255 4198 smou
1289 4146 1526 4196 Histoire
1563 4147 1796 4210 Critique
1830 4147 1916 4196 des
1937 4148 2258 4213 principuus:
2294 4148 2626 4199 Commenta-

795 4235 935 4279 teurs
965 4232 1034 4279 du
1066 4231 1136 4278 N.
1174 4232 1237 4279 T.
1266 4230 1430 4298 Chap.
1463 4231 1547 4281 24.
1574 4247 1693 4297 pag.
1724 4230 1845 4280 340.
