2922 5195
1530 493 1617 560 64

546 676 814 745 omnino
872 698 1003 741 non
1054 690 1231 758 sunt,
1280 669 1393 741 sed
1457 697 1752 740 rmmrrr
1806 674 2173 762 Presbyteri
2191 722 2211 760 ,
2263 675 2367 739 cui
2434 693 2591 764 opus

540 794 699 859 illud
744 793 1052 859 adtribuit
1105 815 1472 858 ennumms
1519 793 1652 882 (1),
1703 793 1814 880 qui
1860 792 2150 857 ducentis
2201 807 2268 856 et
2324 793 2590 881 amplius

544 927 692 974 ante
747 933 966 974 manau
1020 911 1200 973 annis
1255 910 1531 998 scripsit.
1628 911 1782 972 Erat
1840 908 1949 973 ille
2016 933 2356 973 rmmrrus
2412 907 2597 973 disci·

539 1027 725 1114 pulus
790 1048 1166 1091 manorum
1190 1075 1210 1109 ,
1275 1010 1447 1091 unde
1516 1027 1784 1090 fortasse
1857 1024 2299 1114 explicandum
2317 1071 2338 1105 ‚
2414 1024 2594 1112 quod

542 1144 729 1228 hujus
793 1166 1046 1231 quoque
1099 1144 1360 1208 nomine
1418 1142 1617 1207 iid'em
1669 1144 2127 1208 Commentarii
2174 1141 2513 1206 laudantur
2556 1163 2595 1204 a

543 1280 787 1324 uns-ro
826 1263 1126 1348 Regiensi
1162 1264 1294 1347 jam
1333 1262 1554 1325 seculo
1599 1260 1660 1325 V
1709 1260 1924 1325 medio
1944 1259 2064 1348 (2).
2158 1260 2383 1348 Neque
2423 1261 2598 1323 hunc

543 1377 1092 1442 Commentarium
1135 1380 1204 1442 in
1232 1380 1542 1469 Catalogo
1580 1394 1895 1444 memorat
1939 1400 2364 1442 murmannus».
2440 1376 2599 1440 Post

547 1497 724 1579 cujus
779 1493 1039 1560 demum
1088 1511 1360 1562 aetatem
1418 1496 1609 1586 (obiit
1651 1499 1735 1563 A.
1787 1495 1978 1582 1516)
2024 1518 2153 1560 una
2199 1517 2348 1559 cum
2387 1515 2595 1559 annm

550 1609 872 1698 Operibus
911 1609 1115 1675 editus
1162 1624 1279 1677 est.
1373 1612 1594 1694 Exstat
1642 1627 1856 1677 autem
1889 1612 1959 1676 in
2001 1610 2402 1676 Bibliotheca
2432 1609 2601 1676 Bod-

550 1727 766 1791 Ieiana
815 1727 1038 1792 Codex
1086 1728 1228 1793 MS.
1251 1776 1270 1811 ,
1317 1730 1689 1796 charactere
1731 1731 2051 1795 saxonico
2081 1776 2104 1811 ‚
2152 1704 2260 1816 qui
2306 1729 2479 1792 hunc
2533 1727 2605 1792 li-

545 1844 738 1907 brum
793 1866 941 1908 cum
1006 1846 1285 1910 auctoris
1345 1868 1641 1910 rmmrrr
1704 1842 1969 1910 nomine
2033 1846 2345 1910 continet.
2440 1844 2603 1908 Juris

549 1960 795 2047 publici
839 1960 1042 2026 factus
1103 1977 1200 2026 est
1245 1960 1498 2045 Codex,
1545 1960 1826 2026 Basileae
1876 1963 1959 2026 A.
2023 1960 2214 2048 1527.
2294 1959 2596 2046 Ejusdem

551 2077 826 2140 auctoris
871 2092 937 2140 et
974 2078 1187 2164 operis
1216 2079 1459 2142 mentio
1488 2101 1744 2166 quoque
1779 2078 1855 2142 fit
1889 2079 1959 2143 in
1979 2077 2204 2142 libello
2228 2077 2308 2142 de
2329 2079 2598 2142 Ratione

475 2204 479 2209 ’
558 2193 900 2259 Unciarum
914 2242 932 2277 ,
979 2195 1087 2282 qui
1132 2195 1303 2261 inter
1349 2219 1559 2261 amun
1604 2196 1821 2286 Opera
1861 2198 2200 2286 reperitur.

637 2306 718 2376 In
761 2312 1153 2394 Par-abolem,
1214 2315 1653 2380 Ecclesiasten
1670 2364 1689 2399 ,
1747 2329 1813 2380 et
1861 2317 2127 2382 Cantica
2176 2316 2602 2381 Canticorum.

639 2430 720 2495 In
767 2435 983 2496 maian
1026 2431 1414 2519 Prophetam
1430 2481 1449 2515 ,
1510 2456 1722 2497 nzaAM
1769 2406 2015 2522 quo’que
2058 2446 2127 2497 et
2165 2446 2486 2498 animun.

643 2544 826 2611 Haec
900 2547 1140 2637 scripta
1201 2572 1408 2638 neque
1465 2572 1614 2614 cum
1666 2549 1981 2639 Operibus
2038 2570 2279 2633 annm,
2333 2571 2455 2616 nec
2510 2570 2609 2614 se-

555 2665 830 2753 paratim
862 2663 1035 2731 edita
1066 2681 1233 2733 sunt.
1302 2663 1534 2731 Utrum
1558 2667 1632 2731 in'
1651 2667 2068 2732 Bibliothecis
2093 2665 2301 2732 adhuc
2336 2666 2601 2748 lateant,

448 2786 454 2796 '
565 2803 647 2845 an
687 2783 997 2871 perierint
1010 2831 1030 2867 ,
1076 2781 1279 2849 defuit
1321 2784 1481 2850 mihi
1517 2771 1896 2874 explorandi
1945 2784 2235 2852 facultas.

651 3135 738 3204 (1)
775 3135 840 3187 In
868 3134 1005 3187 libro
1033 3134 1098 3186 de
1131 3134 1281 3185 Viris
1310 3133 1627 3186 Illustribus
1654 3152 1769 3205 cap.
1798 3134 1887 3187 62.

663 3218 750 3287 (2)
790 3217 914 3269 vid.
957 3232 1088 3268 sm.
1139 3213 1344 3267 δίκαι’.
1386 3216 1427 3267 l.
1467 3216 1508 3269 1.
1546 3216 1665 3269 Lib.
1710 3218 1802 3270 IV.
1844 3234 1964 3288 pag.
2005 3219 2126 3272 218.
2156 3218 2220 3271 C.
2292 3218 2410 3271 Cis.
2440 3233 2615 3271 numu.

783 3302 1067 3352 Comment.
1114 3299 1267 3352 Tom.
1302 3299 1348 3352 1.
1403 3318 1525 3370 pag.
1566 3301 1722 3353 1694.
1783 3300 1999 3354 Fumo.
2046 3302 2103 3352 in
2144 3300 2245 3371 Op.
2285 3301 2429 3355 laud.
2468 3301 2636 3354 Edit.

775 3396 930 3437 mm
971 3383 1121 3435 'l-'om-
1150 3382 1197 3437 Ι.
1225 3399 1346 3453 pag.
1375 3383 1498 3437 190.
