2922 5195
1331 519 1415 580 23

345 695 707 787 discipulis,
757 699 863 786 qui
886 700 1021 786 ipse
1047 712 1268 784 postea
1311 696 1521 761 famae
1565 711 1630 759 et
1672 697 1992 762 honorum
2039 697 2392 763 claritatem

345 818 417 881 in
464 818 730 884 ecclesia
775 832 1094 884 assecutus
1143 831 1238 880 est
1282 814 1405 903 (1).

434 934 904 1000 «Dilectissimo
949 935 1020 998 in
1060 955 1337 999 cniusro
1393 933 1743 998 Collectori
1793 955 2148 999 curnwmo
2187 958 2391 1001 curn·

341 1073 586 1117 nizarus
657 1051 1129 1141 condiscipulus
1190 1052 1258 1115 in
1324 1051 1468 1117 Deo
1540 1066 1865 1117 aeternam
1928 1051 2200 1116 salutem
2268 1052 2388 1141 (ει).

340 1168 795 1236 Munusculum
813 1217 833 1253 ‚
862 1169 1038 1258 quod
1074 1170 1294 1236 misisti
1311 1218 1329 1253 ,
1367 1170 1646 1262 libenter
1671 1170 1894 1258 accepi
1918 1168 2011 1258 (3)
2035 1218 2055 1253 ,
2101 1169 2396 1236 multum-

344 1309 468 1376 que
513 1304 832 1378 gratanter
874 1289 1116 1354 Literas
1160 1304 1307 1353 tuae
1349 1286 1626 1354 devotae
1670 1286 2047 1352 eruditionis
2083 1287 2176 1376 (4)
2224 1289 2390 1378 legi,

339 1405 409 1470 in
444 1407 670 1494 quibus
689 1454 707 1489 ,
755 1408 1029 1473 maxime
1075 1403 1252 1494 quod
1304 1403 1745 1470 desiderabam
1767 1451 1786 1487 ,
1831 1404 2052 1472 Missas
2094 1404 2395 1471 videlicet

341 1538 409 1589 et
467 1524 791 1589 orationes
858 1539 1294 1591 sacrosanctas
1353 1546 1477 1612 pro
1531 1523 1676 1589 Deo
1741 1521 1979 1588 dilecto
2048 1521 2239 1587 Patre
2315 1545 2393 1588 ac

341 1639 655 1730 Magistro
702 1657 924 1707 nostro
985 1664 1154 1707 nans
1201 1663 1239 1705 a
1291 1641 1475 1705 vobis
1531 1639 1869 1727 diligenter
1920 1637 2014 1727 (5)
2086 1639 2395 1706 celebrari

341 1760 580 1848 reperi.
673 1758 864 1824 Unde
912 1758 1190 1825 delectat
1237 1758 1435 1848 magis
1484 1781 1606 1846 pro
1658 1759 1790 1842 ejus
1842 1757 2140 1839 caritate,
2200 1780 2395 1844 quan·

340 1890 479 1940 tum
526 1876 709 1941 fruor
752 1877 1011 1966 ingenio
1056 1877 1196 1965 (6),
1245 1876 1461 1965 paucis
1511 1876 1912 1942 sermonibus
1952 1874 2169 1942 dicere
2190 1923 2209 1959 ,
2260 1900 2390 1965 quo

338 1990 569 2058 ordine
613 1994 904 2083 migrarit
951 2018 990 2060 e
1038 1995 1257 2066 seculo
1316 1993 1458 2082 (7),
1534 2016 1686 2059 cum
1742 1993 1937 2059 etiam
1987 1995 2117 2060 hoc
2168 2010 2234 2060 te
2288 1992 2393 2061 de-

339 2108 646 2177 siderasse
715 2128 781 2177 et
845 2135 1115 2201 poscere
1178 2112 1489 2178 intellexi.
1597 2110 1905 2177 Gravatus
1974 2110 2237 2199 quidem
2299 2128 2395 2182 est

339 2226 710 2294 infirmitate
755 2231 1034 2295 maxima
1086 2229 1180 2318 (8)
1243 2230 1622 2296 creberrimi
1671 2229 1981 2294 anhelitus
2001 2275 2021 2311 ‚
2088 2230 2224 2296 sine
2273 2229 2393 2298 do-

339 2344 482 2410 lore
526 2361 745 2411 tamen
793 2346 885 2435 (9)
914 2393 933 2429 ,
993 2363 1140 2412 ante
1199 2347 1371 2414 diem
1423 2347 1931 2436 Resurrectionis
1983 2346 2348 2416 dominicae
2368 2398 2389 2433 ,

338 2461 410 2526 id
448 2479 543 2528 est
563 2511 583 2546 ,
630 2464 766 2529 fere
808 2461 1051 2530 duabus
1094 2464 1635 2549 hebdomadibus;
1686 2481 1752 2534 et
1797 2467 1888 2531 sic
1929 2482 2152 2555 postea
2193 2467 2394 2534 laetus

338 2596 408 2648 et
463 2580 746 2673 gaudens
764 2630 785 2665 ,
851 2585 1210 2674 gratiasque
1280 2609 1473 2677 agens
1528 2585 1954 2674 omnipotenti
2015 2585 2159 2651 Deo
2212 2585 2395 2652 omni

334 2698 450 2766 die
515 2717 581 2767 et
639 2717 833 2767 nocte
853 2749 872 2786 ,
941 2704 1142 2768 immo
1210 2705 1389 2769 horis
1447 2705 1747 2769 omnibus
1811 2725 2012 2788 usque
2079 2701 2162 2765 ad
2222 2701 2393 2770 diem

416 2988 501 3060 (1)
544 2989 663 3043 Fuit
713 2990 805 3043 ille
865 3005 1186 3044 ournntarus
1230 2999 1405 3058 postea
1450 2988 1626 3040 Abbas
1666 2989 1907 3057 ejusdem
1950 2993 2287 3056 monasterii,
2340 3005 2392 3045 et

548 3074 686 3127 bene
728 3073 1131 3143 distinguendus
1169 3082 1249 3126 ent
1289 3091 1319 3123 a
1361 3087 1657 3126 carnunto
1698 3075 2017 3141 antiquiori,
2051 3079 2204 3146 cujus
2226 3078 2390 3131 vitam

545 3167 659 3207 tum
699 3155 857 3226 ligata
888 3167 1001 3207 tum
1045 3155 1208 3208 soluta
1245 3155 1475 3208 oratione
1506 3156 1708 3224 scripsit
1737 3170 1884 3208 nuni.
1945 3155 2173 3226 Operum
2202 3159 2389 3213 Colon.

545 3240 676 3293 edit.
720 3240 858 3293 1612
903 3239 1055 3292 Tom.
1098 3240 1194 3294 ΠΙ.
1235 3258 1359 3310 pag.
1408 3239 1526 3292 152.
1596 3241 1821 3309 Utraque
1851 3243 2012 3294 oratio
2041 3245 2306 3295 invenitur
2334 3248 2391 3296 in

546 3326 701 3376 Actis
735 3323 1055 3375 Sanctorum
1075 3359 1090 3386 ,
1137 3334 1189 3376 et
1221 3325 1474 3376 recensita
1505 3334 1585 3377 est
1609 3343 1637 3377 a
1666 3341 1820 3377 snm!
1839 3361 1856 3389 ‚
1890 3325 2133 3378 Cantabr.
2167 3327 2319 3379 1722.

415 3407 499 3476 (2)
538 3407 696 3459 Deest
736 3407 865 3458 haec
910 3409 1179 3475 inscriptio
1217 3410 1276 3457 in
1311 3408 1626 3474 quibusdam
1660 3408 1803 3461 MSS.
1826 3443 1843 3470 ,
1880 3410 2021 3475 quod
2047 3411 2259 3462 fortasse
2292 3428 2392 3463 BA-

553 3504 709 3542 nono
724 3488 858 3540 hanc
872 3489 1110 3539 fraudem
1139 3489 1285 3552 fecit,
1317 3499 1377 3539 ut
1403 3490 1567 3540 vitam
1586 3505 1771 3554 nunu,
1800 3508 1980 3557 quam,
2012 3507 2207 3544 nonno
2222 3503 2349 3546 teste
2371 3533 2389 3559 ‚

547 3593 577 3626 a
618 3587 915 3626 curtinum
963 3573 1164 3625 Abbate
1193 3572 1506 3641 descriptam
1536 3588 1646 3625 esse
1675 3572 1908 3640 diceret,
1943 3576 2162 3643 periisse
2189 3575 2392 3646 lugeret

550 3659 609 3709 in
640 3659 788 3709 Ann.
820 3655 859 3708 l.
886 3656 926 3709 l.
957 3676 1078 3727 pag.
1113 3657 1232 3720 147,
1273 3656 1414 3709 Edit.
1444 3671 1563 3710 met
1595 3655 1744 3709 Tom.
1776 3655 1866 3710 lx.
1894 3676 2014 3726 pag.
2052 3658 2168 3711 134.

414 3742 502 3810 (3)
542 3743 779 3795 Multum
808 3742 1042 3794 libenter.
1078 3757 1191 3794 ιιι..
1218 3751 1270 3795 et
1299 3757 1417 3792 mn.
1493 3740 1590 3793 Pro
1618 3744 1826 3809 accepi,
1860 3745 2078 3811 suscepi.
2109 3757 2221 3794 tn..

412 3826 497 3893 (4)
539 3825 634 3876 Pro
662 3826 875 3877 devotae
903 3827 1210 3876 eruditionis
1231 3862 1248 3889 ,
1283 3826 1589 3878 devotionis.
1637 3826 1761 3879 Bia.

419 3909 504 3977 (5)
545 3912 709 3961 Patre
734 3926 797 3960 ac
824 3909 969 3961 dee'st
991 3909 1129 3978 apud
1157 3925 1270 3962 ut..
1341 3910 1439 3963 Pro
1468 3911 1776 3975 diligenter,
1812 3912 2107 3976 insigniter.
2141 3925 2254 3960 nn.

416 3992 504 4060 (6)
554 3995 722 4055 Quam
736 3995 919 4059 frctus
950 3996 1178 4058 ingenio.
1228 3993 1354 4045 But.

419 4076 504 4145 (7)
547 4075 642 4128 Pro
677 4077 879 4139 seculo,
917 4079 1050 4127 vita.
1100 4075 1225 4126 Lm..

416 4160 501 4227 (8)
540 4161 625 4213 Et
647 4163 888 4211 maxime.
933 4158 1063 4213 Lu..
1086 4169 1138 4210 et
1168 4174 1280 4210 mn.
1505 4206 1510 4211 ,

413 4243 497 4311 (9)
547 4244 651 4296 Sed
677 4249 851 4295 tamen
872 4259 999 4310 pene
1031 4245 1140 4294 sine
1168 4243 1268 4293 dol.
1317 4241 1438 4292 Bia.
