2922 5195
1297 481 1370 548 11

295 670 540 756 'Neque
586 681 803 731 tamen
842 666 908 728 in
943 683 1103 728 voce
1123 669 1629 751 propinquorum
1657 663 2049 729 haerendum
2083 683 2209 750 est,
2257 683 2363 735 aut

316 786 485 853 adeo
540 808 616 850 ea
654 781 1036 874 premenda,
1096 796 1168 845 ut
1213 778 1366 844 inde
1414 795 1743 866 sequatur,
1771 780 1951 845 illum
1977 785 2111 869 jam
2141 800 2364 851 tenera

210 899 223 904 ’
315 920 518 969 aetate
563 903 935 992 parentibus
971 900 1269 964 orbatum
1284 946 1304 981 ‚
1368 913 1556 986 atque
1604 898 1851 963 idcirco
1901 899 2038 964 aliis
2093 901 2364 969 educan-

311 1020 467 1085 dum
493 1020 686 1085 fuisse
716 1018 1019 1084 traditum
1052 1016 1172 1105 (1).
1267 1016 1357 1079 Ut
1383 1031 1456 1079 ut
1480 1031 1609 1099 est,
1648 1022 1943 1105 praeerat
1973 1022 2363 1086 monasterio

272 1173 282 1185 ·
315 1143 413 1208 W
408 1139 820 1205 iremutkensi
834 1183 852 1218 ,
897 1159 1098 1223 quum
1143 1155 1311 1198 nans.
1352 1157 1513 1223 puer
1552 1132 1717 1198 illud
1747 1135 2053 1218 intrabat,
2094 1159 2365 1201 immm-

313 1280 474 1322 c‘rus
505 1256 674 1320 solus
705 1254 919 1319 Abbas
933 1300 954 1336 ,
997 1253 1200 1318 altero
1231 1252 1346 1316 illo
1389 1252 1711 1317 Girviensi
1736 1251 2030 1317 nondum
2064 1254 2368 1340 condito,

311 1376 398 1441 A.
455 1374 622 1462 6793
669 1374 740 1436 in
776 1394 905 1459 quo
944 1386 1165 1436 tamen
1203 1386 1428 1459 postea
1470 1368 1641 1459 apud
1669 1393 2128 1456 anonumum,
2178 1395 2369 1459 quem

309 1493 635 1557 Abbatem
708 1512 1105 1556 nssnnmc‘rus
1172 1489 1621 1572 constituerat,
1695 1490 1932 1577 quique
1986 1513 2104 1578 per
2166 1512 2367 1556 annos

311 1610 573 1699 triginta
625 1608 904 1694 quinque
961 1607 1058 1670 illi
1103 1606 1378 1696 praefuit
1395 1653 1415 1688 ‚
1479 1606 1779 1670 mansisse
1796 1653 1818 1688 ,
1881 1623 2074 1693 atque
2125 1583 2367 1672 ibidem

315 1726 489 1792 diem
521 1748 887 1814 supremum
921 1724 1155 1789 obiisse
1183 1722 1436 1787 videtur
1466 1721 1589 1811 (2).

298 1905 299 1908 ,
403 1843 943 1932 Praeceptoribus
1001 1864 1149 1905 usus
1200 1856 1294 1905 est
1315 1887 1336 1923 ‚
1395 1842 1467 1903 in
1520 1841 1746 1927 quovis
1801 1840 1937 1905 fere
1996 1838 2376 1931 disciplinae

310 1984 549 2053 genere
567 2009 587 2044 ‚
637 1960 951 2049 pluribuS.
1046 1959 1188 2048 Ipse
1237 1974 1558 2023 memorat
1604 1982 2106 2025 ‘numini-mnu
2153 1984 2377 2047 quem-

317 2078 469 2146 dam
519 2078 942 2157 monachum,
1003 2077 1114 2163 qui
1161 2078 1233 2140 in
1278 2075 1672 2140 monasterio
1722 2097 1799 2141 ac
1841 2077 2245 2166 magisteri0‚
2303 2093 2377 2143 ut

314 2198 443 2279 ait,
498 2217 749 2260 cunnus
764 2242 784 2277 ‚
846 2193 1149 2281 Episcopi
1200 2192 1732 2280 Liccidfildensz’s
1745 2237 1766 2275 ,
1814 2192 2119 2258 educatus
2135 2239 2156 2276 ‚
2210 2215 2374 2259 unus

321 2316 446 2380 fuit
501 2337 581 2378 ex
629 2315 743 2393 iis,
804 2312 916 2398 qui
975 2334 1124 2378 eum
1174 2311 1245 2373 in
1304 2309 1374 2376 S.
1436 2309 1769 2399 Scriptura
1820 2307 2195 2377 erudiebant
2251 2311 2373 2401 (3).

321 2432 663 2497 Praeterea
719 2450 1023 2494 sommus
1076 2425 1631 2513 Beverlaeensem3
1702 2429 1812 2517 qui
1866 2430 2078 2519 primo
2130 2430 2378 2519 Hagul·

320 2550 533 2633 studi,
573 2546 806 2614 deinde
849 2546 1135 2613 Eboraci
1180 2546 1634 2637 Episcopatum
1684 2547 1889 2613 tenuit
1906 2595 1927 2632 ‚
1975 2545 2222 2613 audisse
2257 2563 2382 2613 tra-

311 2667 502 2735 ·ditur
546 2667 639 2757 (4)
654 2716 674 2751 ‚
732 2682 800 2733 et
849 2667 937 2732 ob
990 2667 1162 2732 vitae
1205 2667 1641 2755 integritatem
1693 2666 2061 2755 ingeniique
2108 2687 2379 2731 acumen

315 2950 319 2955 .
402 2968 486 3038 (1)
525 2968 718 3021 Saxon.
744 2965 983 3037 paraphr.
1010 2964 1170 3017 habet
1198 2982 1311 3030 naa„
1292 2981 1396 3028 σα,
1435 2963 1577 3033 quod
1611 2981 1795 3017 omnes
1827 2963 1936 3015 fere
1963 2963 2377 3033 propinquorum

531 3063 969 3121 cognatorumque
1002 3049 1188 3118 gradus
1212 3048 1452 3110 denotat,
1471 3058 1710 3116 parentes
1724 3048 1877 3098 etiam
1897 3065 1954 3098 ac
1967 3046 2179 3098 liberoS.
2196 3047 2380 3100 Bearn

531 3135 738 3185 arisath
781 3149 948 3198 engen
991 3148 1178 3197 magas
1198 3167 1216 3196 ‚
1269 3130 1374 3182 filii
1403 3132 1676 3200 insurgent
1700 3140 1875 3181 contra
1900 3141 2158 3199 parentes.
2200 3131 2376 3185 nauh.

527 3216 593 3268 X.
625 3217 712 3268 21.
764 3217 902 3267 Thes
920 3252 937 3280 ,
983 3216 1156 3266 oththe
1191 3216 1288 3285 hys
1316 3231 1504 3280 magas
1522 3250 1538 3277 ,
1576 3214 1781 3267 hiccine
1803 3251 1819 3279 ,
1857 3232 1925 3265 an
1952 3215 2068 3283 ejus
2095 3218 2379 3282 parentes?

532 3301 689 3354 Joan.
703 3298 793 3350 IX.
810 3299 868 3364 2,
886 3299 944 3363 3,
964 3299 1051 3351 18.
1079 3299 1278 3364 Magen
1303 3307 1488 3351 vocant
1502 3298 1696 3363 Batavi,
1714 3297 1854 3349 unde
1871 3298 2027 3349 etiam
2043 3298 2378 3367 maagschap.

410 3381 497 3452 (2)
537 3383 674 3435 Βιω
707 3385 854 3435 Hiet.
885 3385 1155 3434 Abbatum
1184 3384 1328 3435 Edit.
1354 3397 1629 3433 wluin-011.
1658 3400 1778 3451 pag.
1807 3383 1911 3434 226
1938 3392 1990 3434 et
2015 3383 2139 3434 239.

403 3465 489 3534 (3)
532 3467 680 3516 Hm.
706 3467 910 3515 Eccles.
940 3465 1061 3515 Lib.
1093 3465 1187 3514 lv.
1217 3480 1266 3514 c.
1289 3465 1343 3514 3.

405 3548 493 3619 (4)
537 3548 692 3618 Apud
724 3563 838 3599 cur..
855 3548 1126 3598 Malmesb.
1158 3563 1316 3614 quem
1350 3546 1513 3597 citant
1540 3544 1825 3615 Scriptores
1851 3546 2042 3613 Biogr.
2066 3545 2214 3598 Brit.
2243 3549 2384 3602 nihil

524 3632 636 3684 hac
666 3631 733 3683 de
763 3648 818 3682 re
851 3631 1100 3695 invenio,
1140 3631 1196 3680 in
1233 3631 1377 3682 Gest.
1413 3630 1551 3695 Reg.
1588 3629 1795 3694 Angl„
1826 3628 1966 3680 nihil
1990 3630 2118 3681 item
2146 3632 2204 3681 in
2236 3633 2382 3686 Gest-

308 3198 325 3227 ἱ

538 3717 750 3782 Pontus.
780 3716 1011 3766 Eborac.
1084 3713 1274 3766 Contra
1302 3715 1493 3766 diserte
1522 3722 1690 3764 narrat
1716 3728 1871 3766 mou.
1899 3729 2138 3767 sronssus
2165 3717 2223 3767 in
2252 3719 2380 3769 Act.
2455 3718 2460 3721 ’

541 3801 705 3851 Pont.
750 3799 1070 3850 Eboracens.
1091 3833 1107 3862 ,
1146 3799 1205 3847 in
1232 3815 1388 3868 opere
1416 3798 1557 3850 laud.
1586 3817 1642 3868 p.
1671 3798 1826 3850 1692.
1861 3816 1892 3846 α
1910 3798 2051 3851 Inter
2076 3817 2208 3868 quos
2240 3800 2385 3867 (dis-

539 3882 742 3951 cipulos
779 3881 1015 3952 sonus)
1048 3882 1425 3934 radiantissima
1449 3885 1609 3936 totius
1631 3883 1950 3935 Britanniae
1976 3885 2187 3936 lucerna
2216 3898 2346 3934 uns
2363 3920 2383 3948 ‚

541 3966 631 4030 qui
673 3967 812 4016 inter
863 3964 1090 4017 illustres
1133 3966 1376 4018 ecclesiae
1419 3967 1650 4019 doctores
1700 3968 2073 4019 celeberrimus
2122 3966 2346 4018 habetur
2364 4004 2380 4032 ,

550 4048 936 4117 insignissimus
981 4051 1096 4118 ejus
1138 4050 1338 4102 auditor
1384 4050 1522 4114 fuit,
1558 4068 1716 4117 quem
1752 4061 1805 4103 et
1832 4053 1945 4120 ipse
1974 4068 2067 4119 pro
2092 4049 2226 4102 vitae
2255 4067 2385 4102 san-

545 4131 754 4196 ctitate,
802 4143 916 4184 tum
967 4150 1063 4201 pro
1105 4137 1286 4186 sensus
1329 4132 1608 4185 subtilitate
1629 4169 1645 4198 ,
1683 4134 1816 4184 miro
1856 4133 2128 4203 amplexus
2170 4151 2342 4187 amore
2366 4170 2381 4197 ‚

546 4213 706 4282 digno
736 4232 943 4285 quoque
972 4218 1346 4273 venerabantur
1370 4216 1587 4273 honore.
1603 4236 1633 4270 ν)
1659 4245 1725 4261 -
1745 4215 2092 4274 Esau-tomus
2122 4217 2184 4286 (l.
2200 4219 2238 4273 l.
2255 4222 2384 4274 Act.
