2922 5195
1520 513 1643 576 110

557 711 713 757 vero
730 740 749 775 ,
811 691 983 780 quod
1024 692 1222 757 libros
1258 695 1393 777 jam
1438 691 1645 756 editos
1695 689 1935 754 adtinet
1952 739 1969 773 ,
2022 689 2103 753 ab
2161 687 2409 754 editore
2443 710 2622 781 ope-¹
2665 694 2674 701 '

554 833 696 875 rum
751 832 960 876 nunus
1010 812 1275 875 omnino
1338 809 1768 899 inspiciendos
1833 825 1897 873 et
1952 808 2375 874 consulendos
2429 830 2564 873 esse
2583 858 2601 892 ,

554 949 689 992 non
725 951 888 1017 opus
919 944 1015 992 est
1052 927 1224 1016 quod
1255 927 1575 1012 dicamus,
1615 951 1736 992 nec
1772 943 1988 991 tamen
2018 927 2170 990 hinc
2200 926 2337 990 sine
2370 941 2598 990 exacto

546 1042 792 1131 judicio
835 1043 1073 1131 aliquid
1113 1044 1498 1109 sumendum
1547 1060 1672 1127 est,
1724 1042 1898 1132 quod
1954 1064 2164 1108 nemu
2220 1043 2483 1107 nomine
2530 1043 2600 1106 in
2693 1098 2708 1109 .

551 1162 763 1228 lucem
810 1161 1194 1251 proferatur.
1290 1161 1528 1228 Multas
1578 1162 1816 1253 quippe
1861 1161 2189 1226 cautiones
2221 1183 2323 1226 res
2367 1160 2561 1225 babet
2576 1206 2596 1242 ,

552 1302 747 1367 quum
780 1280 1232 1370 plerorumque
1263 1279 1420 1346 fides
1454 1278 1640 1347 valde
1668 1295 1960 1369 suspecta
1986 1280 2069 1343 sit
2104 1277 2219 1366 (1).

638 1630 673 1695 J
675 1655 779 1696 am
823 1634 1150 1698 recensitis
1187 1654 1395 1698 numu
1442 1631 1744 1722 operibus
1760 1679 1778 1713 ,
1836 1630 2258 1705 admiratione
2301 1630 2598 1719 profecto

552 1772 671 1815 nos
716 1747 906 1814 adfici
943 1751 1250 1815 sentimus
1297 1751 1453 1832 viri,
1505 1750 1611 1836 qui
1632 1796 1651 1831 ,
1703 1748 1990 1836 quamvis
2034 1748 2259 1837 ignoto
2291 1747 2427 1812 fere
2472 1762 2598 1812 ter·-

552 1888 766 1929 rarum
811 1866 1045 1954 angulo
1082 1867 1317 1948 latens,
1366 1866 1656 1954 plurimis
1697 1884 1763 1930 et
1795 1888 1916 1954 pro
1947 1866 2058 1930 illa
2090 1881 2297 1930 aetate
2325 1863 2600 1956 splendi-

554 1982 825 2048 dissimis
872 1984 1111 2074 ingenii
1149 1999 1218 2048 et
1263 1981 1611 2049 industriae
1643 1983 2070 2047 monumentis
2103 2006 2453 2071 perennem
2478 1984 2600 2047 sibi

550 2102 828 2167 nominis
876 2102 1110 2167 famam
1156 2104 1578 2191 comparavit.
1673 2101 2018 2191 Diligentia
2060 2098 2319 2188 quidem
2352 2117 2418 2166 et
2449 2102 2595 2165 assi-

549 2219 823 2302 duitate,
889 2221 1112 2308 quibus
1163 2221 1447 2285 animum
1506 2218 1598 2284 ad.
1638 2217 1848 2285 studia
1901 2218 2295 2307 adplicabat,
2361 2219 2601 2283 nemini

548 2337 662 2403 ulli
706 2338 1024 2403 secundus
1060 2339 1182 2403 fuit
1200 2388 1217 2422 ,
1264 2338 1476 2404 donec
1517 2339 1684 2404 inter
1733 2335 2062 2402 docendos
2093 2335 2437 2426 discipulos
2467 2337 2598 2426 spi-

545 2457 740 2520 ritum
793 2456 1115 2521 redderet.
1192 2487 1218 2513 «ι
1235 2456 1500 2546 Sepulta
1558 2471 1652 2522 est
1716 2478 1861 2520 cum
1924 2477 2003 2519 eo
2027 2503 2046 2535 ,
2122 2454 2213 2518 ait
2270 2477 2590 2521 cunnum.

548 2572 885 2640 Malmesb.
905 2622 924 2657 ,
972 2596 1187 2640 rerum
1233 2589 1551 2664 gestarum
1588 2573 1794 2639 omnis
1829 2595 1995 2661 pene
2028 2571 2258 2636 notitia
2286 2596 2483 2661 usque
2515 2571 2597 2638 ad

549 2707 767 2757 nostra
813 2708 1127 2782 tempora.
1233 2693 1399 2756 Cum
1455 2692 1628 2755 enim
1678 2692 1865 2780 pigro
1917 2713 2170 2779 semper
2224 2689 2597 2755 succederet

546 2809 792 2899 pigrior
809 2858 829 2892 ,
892 2810 1097 2874 multo
1144 2826 1438 2896 tempore
1483 2810 1552 2873 in
1590 2823 1726 2872 tota
1775 2807 1979 2871 insula
2016 2806 2369 2871 studiorum
2421 2806 2595 2873 dete-

544 2926 687 3014 puit
710 2925 992 2993 fervor.»
1024 2926 1143 3013 (2).
1221 2926 1445 3011 Neque
1478 2927 1670 3014 igitur
1704 2926 2042 3007 miramur,
2092 2926 2265 3012 quod
2294 2950 2412 3015 per
2440 2928 2597 2991 mul-

546 3058 647 3106 tos
695 3057 921 3130 postea
959 3063 1192 3124 annos»,
1257 3064 1452 3129 quum
1504 3043 1866 3131 turpissima
1919 3042 2167 3132 ignavia
2226 3058 2291 3107 et
2309 3090 2328 3125 ,
2389 3060 2461 3108 ut
2504 3046 2597 3109 ita

550 3156 763 3224 dicam
782 3206 802 3242 ,
852 3175 1080 3248 torpor
1116 3175 1327 3224 totum
1370 3159 1699 3224 literarum
1740 3160 1969 3224 orbem
2003 3159 2298 3225 invasisse
2330 3159 2592 3227 videba-

546 3292 685 3360 tur,
750 3280 882 3362 ejus
934 3276 1293 3366 exemplum
1347 3299 1384 3340 a
1428 3275 1711 3341 melioris
1758 3275 1993 3340 indolis
2043 3276 2195 3341 viris
2246 3276 2331 3342 ad
2386 3279 2593 3344 imita·

543 3392 791 3459 tionem
818 3394 955 3458 aliis
982 3410 1473 3484 proponeretur.
1567 3393 2005 3459 Memorabilis
2040 3417 2119 3460 eo
2149 3397 2410 3460 nomine
2440 3419 2596 3485 prae

542 3511 773 3577 ceteris
800 3526 897 3576 est
921 3512 1210 3600 Epistola
1239 3534 1546 3595 neuun,
1591 3534 1831 3576 maon
1867 3535 2078 3577 numu
2114 3512 2590 3603 Praeceptoris,

544 3629 784 3718 scripta
830 3627 914 3693 ad
958 3629 1212 3695 Fratres
1257 3629 1542 3717 ejusdem
1576 3631 1981 3713 monasterii,
2034 3629 2211 3718 quod
2245 3655 2463 3697 nemu
2500 3632 2593 3696 vi·

544 3762 800 3814 ventem
830 3748 1000 3812 intra
1027 3772 1244 3814 muros
1276 3772 1422 3814 suos
1454 3750 1798 3831 habuerat,
1850 3764 1947 3832 et,
1999 3747 2310 3837 quidquid
2350 3750 2593 3840 gloriae

544 3880 614 3931 et
646 3866 1122 3931 existimationis
1156 3883 1570 3933 consecutum
1602 3882 1764 3932 esset
1782 3915 1800 3947 ,
1853 3869 1912 3931 ei
1943 3868 2062 3933 soli
2097 3867 2393 3934 debebat.

774 4058 896 4065 *-

635 4148 720 4217 (2)
761 4149 847 4203 Cf.
885 4166 1068 4203 entus
1105 4153 1249 4204 Hist.
1289 4154 1402 4228 Lit.
1438 4173 1493 4224 p.
1529 4154 1650 4205 476.

635 4232 721 4300 (2)
764 4234 846 4284 De
886 4237 1058 4285 Gestis
1094 4239 1226 4301 fleg.
1266 4239 1429 4301 Ange.
1473 4237 1590 4288 Lib.
1628 4237 1668 4288 1.
1705 4254 1751 4288 c.
1790 4239 1841 4286 3.
