2922 5195
807 1134 1102 1234 PARS
1192 1136 1886 1235 POSTERIOR.

957 1392 1340 1457 SCRIPTA
1388 1391 1709 1455 BEDAE.

416 1946 614 2069 Quae
649 1967 858 2033 adhuc
889 1965 971 2030 de
1004 1987 1170 2029 imm
1202 1962 1695 2054 disputavimus,
1744 1968 1931 2032 nobis
1958 1970 2375 2040 ostenderunt

323 2090 519 2153 vitam
537 2135 557 2170 ,
602 2085 792 2150 nullis
827 2061 1195 2172 temporum
1225 2081 1759 2147 vicissitudinibus
1801 2086 2124 2153 turbatam
2144 2137 2164 2172 ,
2215 2090 2327 2155 sed
2347 2140 2372 2175 ,

324 2205 510 2269 rivuli
551 2206 779 2283 instar,
829 2198 1080 2290 placide
1122 2214 1188 2265 et
1227 2201 1567 2287 tranquille
1618 2200 2089 2271 decurrentem.
2182 2207 2372 2273 Nunc

322 2323 446 2386 hac
488 2322 558 2384 in
608 2320 806 2384 altera
845 2317 1304 2405 Disputationis
1350 2325 1534 2406 parte
1574 2318 1889 2408 agendum
1938 2337 2033 2387 est
2076 2320 2158 2389 de
2187 2326 2374 2412 hujus

326 2441 448 2505 viri
498 2440 782 2527 Scriptis.
877 2436 960 2499 Et
1011 2434 1212 2499 multa
1256 2434 1514 2523 quidem
1572 2443 1768 2525 quum
1818 2438 1980 2505 falso
2036 2443 2096 2507 ei
2140 2442 2375 2511 adficta

326 2558 487 2641 sint,
527 2556 798 2647 genuina
829 2577 867 2620 a
891 2554 1120 2643 spuriis
1148 2552 1509 2620 discernere
1542 2556 1940 2626 conabimur.
2034 2560 2375 2629 Praeterea

324 2678 716 2764 inquiremus
755 2675 825 2737 in
863 2672 1254 2762 singulorum
1291 2672 1606 2737 librorum
1624 2721 1644 2756 ,
1693 2674 1805 2760 'qui
1847 2699 1992 2738 eum
2046 2689 2377 2743 auctorem

326 2796 567 2859 habent
582 2842 601 2876 ,
633 2790 922 2856 indolem
938 2836 958 2871 ,
991 2802 1431 2876 argumentum
1446 2834 1467 2869 ,
1500 2789 1859 2854 consilium.
1934 2789 2157 2855 Varias
2183 2794 2377 2859 etiam

331 2909 664 2975 Editiones
710 2929 976 2996 operum
1013 2907 1145 2990 ejus
1191 2905 1863 2979 commemorabimus,
1957 2906 2252 2997 Denique
2297 2911 2380 2977 de

327 3048 619 3119 tempore
644 3076 664 3111 ‚
715 3049 847 3114 quo
903 3025 1142 3111 scripta
1190 3023 1317 3086 sint
1342 3071 1361 3105 ‚
1426 3024 1719 3088 nonnihil
1774 3024 2056 3090 dicemus
2079 3074 2098 3108 ,
2160 3031 2381 3116 prouti:

324 3145 486 3212 illud
531 3168 608 3211 ex
648 3145 846 3234 ipsius
891 3151 1100 3205 'BBDAE
1145 3140 1359 3205 verbis
1403 3140 1622 3230 colligi
1667 3155 1902 3228 potest.

417 3267 507 3329 Ut
547 3280 760 3329 autem
803 3261 1148 3350 disputatio
1191 3260 1293 3323 via
1337 3275 1400 3324 et
1443 3259 1693 3323 ratione
1727 3258 2071 3348 procedat,
2121 3261 2374 3327 initium

332 3383 656 3470 capiemus
682 3380 762 3442 ab
788 3379 894 3459 iis,
925 3400 1197 3464 quorum
1222 3375 1510 3439 Iudicem
1541 3378 1677 3462 ipse
1703 3379 2059 3462 posteritati
2092 3379 2371 3467 reliquit.

327 3498 493 3563 Tum
545 3495 833 3562 recensio
883 3508 1178 3581 sequetur
1221 3490 1643 3578 quorumdam
1691 3492 2001 3557 librorum
2020 3541 2040 3576 ,
2092 3497 2200 3581 qui
2246 3499 2388 3562 sine

335 3615 535 3682 dubio
577 3639 615 3680 a
661 3635 828 3679 mma
881 3611 1156 3701 profecti
1205 3625 1385 3692 sunt,
1435 3609 1549 3674 sed
1593 3610 1658 3674 in
1708 3609 1926 3676 Indice
1971 3611 2087 3676 illo
2142 3611 2382 3681 deside-

331 3749 585 3816 rantur,
642 3733 877 3821 quippe
925 3744 1114 3795 antea
1165 3729 1549 3817 composito,
1643 3728 1895 3818 Scripta
1929 3752 2082 3796 vero
2115 3733 2387 3796 minoris

337 3851 638 3940 ponderis
655 3899 672 3933 ‚
719 3872 880 3937 quae
932 3850 990 3912 ei
1045 3847 1145 3913 vel
1201 3845 1566 3911 dubitanter
1616 3846 2090 3931 adtribuuntur,
2136 3850 2239 3913 vel
2289 3866 2385 3914 te-

339 3991 514 4035 mere
574 3967 960 4058 adfiguntur‚
1024 3966 1277 4030 silentio
1319 3967 1916 4053 praetermittemus·
2013 3964 2228 4045 Quum
2286 3989 2392 4031 au-

335 4104 467 4154 tem
521 4087 590 4151 in
643 4084 916 4176 publicis
970 4083 1382 4149 Bibliothecis
1434 4083 1743 4166 Londini,
1814 4085 2090 4168 Oxonii‚
2159 4084 2389 4151 Canta-

339 4205 580 4294 brigiae
606 4251 628 4290 ,
673 4206 979 4269 ’Parisiis
1009 4251 1028 4287 ,
1104 4202 1818 4290 Lugduni-Batavorum
1880 4201 2339 4290 inspexerimus
2358 4249 2388 4285 ,
