2922 5195
1560 505 1642 574 78

578 698 1041 769 Mammam-ems,
1071 687 1181 751 sed
1208 685 1287 750 ad
1312 685 1503 751 fidem
1529 688 2106 774 antiquissimorum
2136 686 2454 750 Codicum
2472 706 2620 752 eum

577 809 905 896 castigavit
929 828 1128 869 surm
1165 806 1231 868 in
1257 805 1555 870 Editione
1588 805 2127 893 Cantabrigiensi.
2180 805 2335 870 Loci
2365 797 2621 893 quidam

572 924 739 987 illius
783 925 1079 987 carminis
1108 923 1402 986 illustrati
1446 937 1593 985 sunt
1633 945 1670 985 a
1707 944 2031 1004 nummo,
2054 922 2322 987 AdverS.
2357 924 2480 1006 111,
2518 945 2619 1010 19.

664 1041 879 1126 Hujus
933 1055 1146 1103 autem
1202 1039 1416 1127 operis
1473 1039 1869 1103 mentionem
1927 1039 2085 1103 facit
2141 1041 2277 1127 ipse
2332 1063 2495 1104 anns
2553 1036 2623 1105 in

578 1158 774 1222 altera
832 1159 983 1221 Vita
1001 1205 1019 1239 ,
1073 1178 1263 1245 quam
1322 1172 1547 1246 postea
1601 1157 1809 1220 soluta
1851 1157 2143 1221 oratione
2209 1159 2569 1246 composuit
2597 1206 2617 1242 ‚

575 1271 689 1338 ubi
737 1274 805 1338 in
849 1275 1135 1363 Epistola
1180 1274 1520 1361 praemissa
1539 1319 1559 1355 ,
1608 1268 1690 1336 ad
1736 1292 2077 1338 nummum
2110 1274 2510 1363 'Episcopum
2558 1290 2625 1340 et

575 1412 835 1456 omnem
854 1388 1420 1480 congregationem
1446 1389 1743 1455 Fratrum
1768 1391 1835 1453 in
1848 1390 2370 1480 Lindisfarnensi
2391 1392 2623 1475 insula,

575 1509 735 1574 haec
767 1508 1052 1597 scripsit:
1100 1502 1320 1572 «Sciat
1355 1522 1566 1572 autem
1602 1507 1921 1572 Sanctitas
1948 1524 2190 1591 vestra,
2213 1556 2218 1563 .
2241 1509 2387 1595 quia
2420 1509 2620 1572 vitam

574 1622 856 1710 ejusdem
909 1625 1054 1690 Deo
1119 1622 1335 1690 dilecti
1387 1627 1594 1689 Patris
1641 1626 1880 1708 nostri,
1943 1648 2135 1714 quam
2187 1627 2371 1691 vobis
2426 1648 2619 1717 prosa

575 1736 813 1806 editam
880 1737 1066 1824 dedi,
1133 1743 1456 1830 aliquanto
1519 1740 1777 1830 quidem
1847 1744 2101 1808 brevius
2117 1790 2135 1826 ‚
2203 1742 2317 1808 sed
2388 1743 2618 1808 eodem

574 1871 794 1922 tamen
830 1857 1077 1924 -ordine
1102 1907 1120 1942 ,
1187 1861 1563 1950 rogantibus
1606 1859 1981 1947 quibusdam
2027 1884 2063 1925 e
2106 1861 2338 1925 nostris
2392 1858 2626 1924 Fratri-

574 1972 693 2039 bus
713 2021 730 2056 ,
787 1976 1065 2050 heroicis
1114 1975 1356 2040 dudum
1397 1978 1680 2041 versibus
1725 1974 1922 2042 edidi.
2018 1974 2197 2057 Quos
2245 1979 2298 2040 si
2345 1999 2462 2043 vos
2516 1979 2624 2040 ha·

574 2091 730 2156 bere
776 2090 1090 2176 delectat.
1161 2117 1197 2157 a
1252 2092 1441 2158 nobis
1486 2094 1811 2183 exemplar
1861 2095 2152 2182 accipere
2196 2094 2494 2182 potestis:
2550 2094 2622 2156 in

572 2210 753 2294 cujus
821 2210 1032 2297 operis
1104 2209 1512 2276 Praefatione
1578 2210 1884 2300 promisi,
1944 2233 2051 2275 me
2115 2210 2267 2274 alias
2335 2208 2418 2274 de
2488 2210 2620 2274 vita

576 2342 645 2391 et
705 2324 1025 2392 miraculis
1081 2331 1213 2415 ejus
1272 2329 1458 2393 latius
1526 2351 1658 2393 esse
1720 2327 2139 2416 scripturum3
2208 2350 2399 2414 quam
2452 2324 2624 2390 vide·

576 2443 729 2508 licet
774 2445 1263 2532 promissionem
1306 2448 1374 2509 in
1429 2447 1745 2533 praesenti
1804 2445 2113 2531 opusculo
2132 2491 2150 2525 ,
2201 2459 2399 2532 prout
2451 2443 2623 2508 Deus

575 2559 861 2644 dederit,
910 2561 1261 2652 adimplere
1296 2578 1584 2651 satago.»
1683 2562 1942 2650 Legitur
1975 2560 2170 2649 igitur
2216 2561 2380 2625 haec
2425 2560 2624 2626 altera

580 2702 951 2745 cumanam
1003 2683 1154 2745 Vita
1197 2682 1266 2744 in
1318 2679 1491 2744 Edit.
1543 2679 1732 2744 Basil.
1781 2679 1972 2743 Toni.
2014 2679 2129 2743 ΠΙ.
2172 2700 2241 2765 p.
2293 2675 2621 2761 209-254,

576 2797 811 2863 Colon.
855 2821 923 2887 p.
963 2797 1261 2863 152-185.
1356 2796 1724 2862 Editionem
1768 2820 1969 2886 porro
2003 2796 2196 2885 longe
2236 2793 2626 2860 emendatio-

574 2935 716 2978 rem
740 2916 1128 3002 'procuravit
1170 2935 1617 2978 summamus
1660 2915 1727 2975 in
1763 2913 2006 2976 Seculo*
2042 2914 2126 2977 H.
2167 2915 2317 2977 Act.
2345 2913 2623 2993 Bened„

578 3030 891 3117 optimam
923 3051 1115 3111 vero,
1167 3034 1443 3117 quinque
1482 3028 1692 3095 Codd.
1735 3028 1921 3094 MSS.
1959 3028 2213 3092 collatis
2236 3076 2254 3110 ,
2286 3048 2628 3114 smrrnms,

578 3147 687 3211 ubi
712 3146 929 3211 Vimm
951 3148 1158 3212 soluta
1182 3148 1474 3213 oratione
1501 3148 1803 3237 scriptam
1818 3194 1837 3230 ,
1873 3162 2098 3235 utpote
2121 3146 2586 3211 accuratiorem
2600 3195 2621 3230 ,

578 3264 762 3328 ‘alteri
802 3264 1101 3350 praefert.
1197 3266 1486 3351 Utraque-
1526 3265 1763 3329 inserta
1802 3279 1897 3329 est
1938 3267 2121 3328 Actis
2154 3265 2551 3329 Sanctorum.

666 3381 956 3444 Historia
1007 3380 1329 3446 Abbatum
1385 3384 1768 3446 Menas-terii
1822 3383 2008 3469 hujus
2027 3429 2047 3464 ‚
2112 3390 2180 3445 in
2229 3405 2353 3471 quo
2410 3405 2627 3470 super·

577 3519 702 3561 nae
723 3502 959 3586 pietati
1002 3499 1315 3567 deservire
1361 3501 1617 3589 gaudeo
1640 3549 1659 3584 ,
1708 3523 2085 3583 Bnnnmc'n,
2132 3522 2511 3583 cuculum,
2566 3512 2631 3563 et

577 3639 1069 3701 HUAETBERCTI,
1119 3628 1187 3681 in
1232 3619 1460 3684 libellis
1504 3620 1769 3684 duobus.

669 3732 795 3796 Hic
834 3734 999 3798 liber
1041 3735 1120 3799 de
1172 3744 1314 3800 vitis
1358 3736 1680 3801 Abbatum
1727 3739 1822 3802 W
1818 3737 2330 3801 iremuthensium
2373 3748 2439 3797 et
2482 3734 2629 3799 Gir-

579 3858 917 3933 viensium,
978 3876 1167 3940 quem
1212 3856 1405 3919 etiam
1448 3870 1767 3919 memorat
1815 3877 2189 3920 cumanus
2239 3850 2624 3916 Malmesbu-

581 3976 812 4033 riensis
843 3970 970 4058 (1),
1004 3972 1172 4036 inter
1217 3972 1431 4062 Opera
1471 3971 1677 4037 nanu-3
1721 3972 1891 4038 edita
1936 3998 2067 4038 non
2100 3974 2437 4061 reperitur.
2489 3970 2625 4032 Pri·

584 4136 851 4146 wffl>m
872 4141 1141 4147 ..-.....,,Ἲ---
1162 4141 1214 4149 ,-

668 4218 751 4286 (1)
789 4219 865 4269 De
896 4224 1017 4272 Act.
1053 4224 1258 4284 Regum
1289 4225 1456 4286 Angl.
1489 4223 1606 4272 Lib.
1637 4221 1679 4271 Ι.
1710 4239 1821 4290 cap.
1856 4223 1906 4272 3.
