2922 5195
1528 536 1653 601 100

558 734 676 788 uns
719 733 784 784 et
821 739 1013 782 smus
1062 715 1378 780 Homilias
1424 730 1674 780 tantum
1723 736 1965 797 mmm,
2016 716 2384 802 neutiquam
2436 716 2612 782 Com*

558 844 937 903 mentarium
985 834 1087 898 vel
1136 835 1625 921 Expositionem
1644 881 1667 916 ,
1725 821 2120 915 memorent,
2164 833 2403 921 quidni
2450 834 2613 898 haec

558 953 845 1019 desumta
880 974 1014 1017 esse
1043 966 1336 1039 putemus
1368 973 1446 1014 ex
1474 950 1628 1038 ipsis
1655 950 1840 1036 hujus
1871 949 1993 1013 viri
2025 949 2375 1014 Homiliis?
2436 951 2612 1015 Hinc

559 1094 790 1159 nempe
814 1068 1000 1134 facile
1027 1069 1310 1156 irrepere
1334 1082 1681 1156 potuerunt
1706 1067 1773 1129 in
1795 1067 2343 1131 Commentarium
2361 1115 2379 1149 ,
2418 1090 2611 1154 quem

558 1187 889 1251 Editiones
921 1185 1158 1248 habent
1177 1231 1195 1266 ‚
1247 1184 1526 1271 quisquis
1560 1188 1692 1269 ejus
1735 1198 1962 1248 auctor
1993 1182 2144 1265 fuit,
2190 1200 2255 1247 et
2283 1182 2610 1248 undecun-

561 1323 683 1392 que
741 1320 854 1368 sua
905 1301 1298 1389 compilavit.
1408 1301 1785 1383 Praeterea,
1849 1302 2339 1388 Expositionem
2392 1301 2607 1385 illam,

561 1443 945 1508 quamquam
1000 1441 1206 1482 numm
1264 1439 1502 1481 nomen
1555 1417 1718 1481 falso
1772 1417 2000 1500 ferret,
2063 1417 2425 1482 mirandum
2476 1440 2613 1481 non

562 1556 689 1622 est,
736 1561 773 1602 a
818 1561 982 1603 solu
1023 1558 1232 1601 mmm
1270 1536 1585 1598 tributum
1628 1558 1762 1599 esse
1787 1535 1908 1624 (1).
2003 1535 2316 1623 Equidem
2352 1558 2614 1624 prorsus

562 1677 795 1745 negare
835 1677 969 1718 non
1013 1653 1246 1733 ausim,
1295 1652 1530 1715 librum
1576 1675 1613 1715 a
1657 1675 1825 1716 unm
1865 1652 2232 1740 profectum
2266 1676 2400 1717 esse
2419 1701 2438 1735 ‚
2488 1675 2613 1716 nec

562 1789 777 1837 tamen
845 1786 1214 1860 argumenta
1265 1785 1330 1833 et
1382 1770 1693 1852 rationes,
1761 1792 1923 1858 quae
1976 1772 2045 1834 in
2093 1769 2374 1835 medium
2422 1770 2613 1835 allata

563 1905 745 1971 sunt,
815 1888 1028 1953 valere
1092 1886 1451 1975 putaverim
1507 1885 1590 1949 ad
1649 1910 1797 1951 eum
1851 1902 2182 1952 auctorem
2238 1885 2609 1953 dicendum.

563 2005 645 2069 Et
693 2007 761 2069 in
810 2020 986 2069 tanta
1031 2027 1301 2093 operum
1339 2026 1551 2068 mmm
1601 2005 1788 2093 copia
1841 2020 1907 2067 et
1948 2004 2253 2067 varietate
2293 2018 2570 2091 praestat
2588 2050 2609 2087 ,

566 2147 644 2188 ex
687 2139 909 2187 nostro
961 2138 1133 2187 certe
1170 2121 1416 2209 judicio
1431 2170 1451 2204 ,
1504 2123 1746 2186 cautius
1788 2120 2147 2186 discernere
2163 2168 2182 2203 ,
2235 2130 2422 2209 quam
2465 2143 2612 2210 spu-

565 2242 661 2304 ria
735 2239 1085 2304 admiscere
1157 2240 1467 2330 genuiniS.
1580 2238 1880 2303 Ceterum
1943 2240 2234 2303 continet
2286 2239 2393 2303 hic
2450 2238 2617 2303 liber

568 2357 1048 2441 adnotationes,
1111 2380 1191 2421 ex
1236 2378 1606 2421 Aneusrmo
1665 2356 1974 2439 maxime,
2042 2372 2370 2445 excerptas
2424 2370 2490 2420 et
2545 2356 2615 2419 in

570 2473 1027 2564 compendium
1081 2473 1405 2556 redactaS,
1466 2473 1715 2537 insertis
1770 2475 2001 2560 passim
2046 2472 2315 2537 aliorum
2355 2473 2619 2538 Patrum

565 2591 914 2658 sententiis.

1372 2746 1797 2771 ψ

655 2948 1038 3013 Recensioni
1085 2967 1353 3034 operum
1405 2969 1442 3009 a
1492 2926 1658 3011 mim
1709 2949 2221 3038 conscriptorum
2271 2951 2464 3015 finem
2507 2951 2619 3017 hic

567 3061 1027 3154 imponendum
1069 3084 1206 3129 esse
1247 3062 1566 3131 duximuS.
1662 3066 2231 3133 Praetermittimus
2266 3071 2473 3134 varios
2504 3072 2623 3134 mi-

568 3182 742 3246 noris
789 3179 1091 3270 ponderis
1142 3181 1475 3246 Tractatus
1518 3198 1581 3246 et
1624 3183 1936 3266 Libellos,
1988 3186 2132 3271 qui,
2171 3189 2312 3271 ejus
2355 3189 2617 3253 nomine

569 3299 894 3387 inscripti,
951 3298 1083 3361 sive
1127 3299 1297 3361 inter
1346 3314 1560 3363 cetera
1603 3301 1796 3389 ipsius
1847 3325 2077 3389 opera,
2128 3326 2238 3367 seu
2279 3306 2619 3392 separatim

569 3417 638 3480 in
679 3415 892 3481 lucem
925 3418 1232 3482 exierunt.
1305 3417 1495 3482 Enim
1529 3441 1684 3482 vero
1713 3465 1731 3501 ‚
1775 3420 1826 3483 si
1859 3419 1958 3484 vel
1994 3421 2199 3485 minus
2233 3421 2618 3486 dubitationi

569 3628 600 3636 .-
615 3631 621 3634 .

654 3753 741 3821 (1)
779 3752 1061 3804 Neminem
1106 3753 1264 3805 latere
1306 3763 1507 3821 potest,
1561 3761 1813 3819 quantum
1857 3754 2041 3806 habeat
2075 3757 2324 3806 cautionis
2354 3758 2616 3824 ejusmodi

780 3837 1097 3907 Scriptorum
1136 3838 1511 3888 testimonium.
1582 3835 1668 3887 Sic
1692 3874 1705 3899 ,
1758 3846 1814 3887 ut
1852 3854 2017 3887 unum
2047 3838 2111 3889 de
2142 3838 2320 3888 multis
2350 3839 2618 3907 adferam,

782 3937 1063 3973 *numus
1105 3920 1224 3970 Lib.
1268 3919 1360 3969 lv.
1402 3936 1449 3969 c.
1481 3920 1550 3970 39
1593 3929 1644 3969 et
1672 3920 1735 3970 41
1780 3921 1901 3970 citat
1933 3921 2318 3972 naualibrum
2345 3923 2405 3971 de
2436 3924 2549 3973 vita
2574 3939 2618 3975 s.

778 4019 1087 4055 cornuam.
1159 4000 1328 4052 Verba
1359 4019 1482 4053 vero
1504 4039 1519 4066 ‚
1571 4020 1701 4070 quae
1738 4002 1980 4066 adducit,
2032 4004 2087 4052 in
2119 4014 2299 4055 neutra
2328 4005 2487 4073 hujus
2516 4007 2616 4056 viri

776 4085 927 4147 Vita,
973 4102 1003 4134 a
1049 4100 1174 4135 mam
1218 4086 1538 4153 conscripta,
1585 4085 1864 4152 leguntur,
1915 4096 1964 4135 at
2009 4087 2064 4135 in
2095 4104 2152 4136 ea
2184 4097 2417 4153 tantum,
2450 4106 2611 4156 quam

775 4184 1059 4236 anonymus
1098 4168 1312 4235 quidam
1349 4169 1635 4220 monachus
1662 4170 2118 4236 Lindi-'farnensis
2147 4172 2311 4223 tribus
2336 4173 2486 4223 libris
2510 4210 2526 4237 ,
2557 4174 2617 4222 in

776 4253 927 4299 Actis
969 4252 1285 4302 Sanctorum
1321 4252 1384 4302 ad
1422 4270 1659 4304 mensem
1695 4253 1837 4306 Mart.
1875 4255 2027 4306 editis
2049 4294 2063 4320 ‚
2103 4258 2406 4324 composuit.
