2922 5195
1321 478 1394 541 41

610 670 756 744 llos,
781 689 998 742 Armua,
1025 667 1149 742 tibi,
1175 669 1370 727 merito
1395 664 1751 726 Venerabilis
1778 666 1946 725 Abba
1962 711 1979 743 ,

531 849 535 856 ι
609 772 927 830 Versiculos
951 771 1195 849 scripsit,
1217 767 1376 828 verbi
1401 770 1657 828 coelestis
1684 786 1927 843 amator,

603 875 759 933 Bana
771 916 797 949 „
809 874 920 934 Dei
941 874 1215 947 famuluS,
1233 874 1369 930 mira
1393 893 1541 951 quos
1564 872 1822 936 carminis
1843 886 1960 930 arte

605 977 943 1057 Composuit
964 975 1190 1048 doctor,
1215 988 1405 1032 nostro
1428 976 1531 1053 qui
1553 975 1738 1032 clarus
1759 975 1813 1031 in
1838 970 1981 1030 orbe

602 1079 849 1137 Exstitit:
871 1077 1072 1156 ingenii
1095 1077 1257 1154 cujus
1279 1077 1612 1135 monimenta
1634 1075 1913 1155 refulgent

602 1178 880 1251 Plurima,
904 1159 1253 1255 temporibus
1272 1178 1440 1235 nullis
1466 1176 1747 1240 abolenda
1769 1165 1875 1257 per
1899 1198 2096 1235 aevum
2118 1173 2149 1254 <
2159 1172 2239 1254 1).

425 1363 657 1451 Magna
699 1362 1045 1426 admodum
1089 1365 1157 1425 in
1192 1353 1605 1427 veneratioue
1638 1383 1801 1425 anm
1822 1409 1840 1444 ‚
1889 1377 1959 1424 ut
1994 1362 2074 1425 ab
2110 1363 2386 1449 aequali·

341 1481 458 1546 bus
506 1480 669 1561 suis,
731 1454 821 1542 ita
866 1479 1138 1544 maxime
1188 1501 1225 1542 a
1277 1479 1549 1566 posteris
1590 1479 1841 1543 habitus
1886 1493 2003 1544 est.
2039 1465 2046 1473 ¹
2076 1471 2390 1543 Homilia‘s

342 1599 475 1681 ejus
493 1621 519 1678 ‚·
563 1595 714 1659 dum
764 1598 931 1661 inter
973 1598 1151 1660 vivos
1194 1595 1454 1685 degeret
1470 1644 1488 1681 ,
1539 1600 1673 1680 jam
1716 1596 1972 1684 publice
2019 1598 2088 1660 in
2121 1596 2388 1661 ecelesia

341 1716 534 1778 lectas
590 1708 724 1778 esse
743 1761 761 1795 ,
821 1735 1008 1801 supra
1065 1712 1359 1778 vidimus,
1477 1713 1666 1776 Diem
1731 1735 1984 1799 quoque
2041 1712 2272 1780 festum
2311 1707 2389 1777 'ei

340 1845 796 1895 consecrarunt
813 1878 833 1913 ‚
883 1847 950 1896 et
994 1832 1062 1893 in
1099 1830 1479 1895 Calendario
1509 1830 1869 1919 Anglicano
1898 1830 1982 1895 ad
2015 1830 2187 1895 diem
2218 1832 2386 1896 vice-

336 1949 562 2012 simum
615 1950 955 2036 septimum
1015 1948 1171 2035 Maji
1219 1952 1353 2034 ejus
1407 1971 1648 2013 nomen
1698 1946 2021 2034 hodieque
2079 1949 2388 2011 insertum

337 2083 431 2130 est
461 2065 580 2154 (2).
676 2066 828 2131 Non
869 2066 1075 2130 multo
1121 2081 1270 2154 post
1317 2068 1449 2150 ejus
1505 2062 1782 2129 mortem
1835 2066 1971 2151 jam
2018 2063 2087 2127 in
2138 2086 2390 2128 morem

335 2184 541 2263 venit,
587 2177 658 2246 ut
699 2186 931 2271 quique
974 2177 1398 2271 religiosiores
1418 2229 1437 2265 ,
1466 2199 1596 2258 ,aut
1640 2175 1939 2269 qui'tales
1967 2181 2192 2246 haberi
2224 2182 2394 2246 vole-

334 2301 491 2363 bant
511 2349 529 2382 ,
584 2300 918 2365 ecelesiam
972 2300 1364 2363 Giruz‘ensem
1379 2345 1398 2381 ,
1445 2300 1514 2362 in
1550 2293 1674 2387 qua
1719 2298 1996 2385 sepultus
2034 2313 2171 2362 erat
2184 2345 2203 2381 ,
2251 2321 2392 2387 pre-

341 2417 531 2482 candi
559 2438 745 2483 causa
762 2466 780 2501 ,
809 2417 1069 2507 siugulis
1098 2418 1278 2481 annis
1300 2417 1549 2482 adirent
1566 2411 1661 2506 (3)
1679 2465 1697 2499 ‚
1729 2433 1794 2482 et
1816 2433 1953 2482 erat
1974 2417 2227 2483 aedium
2244 2441 2391 2506 pars

339 2534 435 2597 ad·
453 2531 1010 2624 septemtrionem,
1043 2557 1251 2600 imma
1278 2535 1627 2603 memoriae
1657 2549 1724 2600 et
1759 2535 2007 2600 'nomini
2029 2532 2242 2600 dicata
2262 2534 2383 2622 (4).

334 2655 499 2717 Gum
547 2655 724 2716 Dani
770 2668 984 2716 autem
1035 2653 1400 2740 frequentes
1437 2654 1831 2717 incursiones
1867 2654 1938 2715 in
1982 2654 2391 2714 Britanniam

332 2768 679 2851 fidebant,
701 2769 979 2856 plurima
1007 2764 1306 2830 coenobii
1328 2777 1537 2830 annau
1562 2765 1851 2830 aedificia
1874 2767 2108 2829 iterum
2130 2767 2388 2830 iterum·

336 2907 460 2972 que
503 2906 810 2951 concussa
858 2882 1146 2970 adeoque
1180 2883 1322 2946 solo
1361 2877 1629 2972 aequata
1663 2898 1830 2948 sunt.
1881 2922 1882 2925 =
1926 2882 2009 2951 Et.
2050 2881 2389 2949 invadente

358 3081 1043 3094 ,ffl———ss-u—-ffl

419 3195 503 3263 (1)
543 3194 618 3244 Ex
663 3195 880 3261 antiquo
925 3191 1120 3243 Codice
1153 3191 1581 3260 Epigrammatffiv
1614 3193 1751 3260 apud
1782 3206 1892 3243 nt..
1933 3193 2135 3242 Collect.
2169 3191 2288 3243 Vol.
2317 3192 2388 3243 11.

540 3294 660 3344 pag.
713 3276 833 3327 118.
934 3275 1055 3325 vid.
1113 3287 1376 3344 praeterea
1427 3277 1687 3327 variorum
1727 3277 2046 3345 Scriptorum
2089 3275 2385 3327 testimonia

543 3361 599 3407 in
628 3358 838 3407 laudem
868 3372 1026 3408 naun
1050 3392 1066 3419 ,
1096 3357 1309 3408 collecta
1337 3376 1366 3406 a
1396 3372 1517 3409 tort.
1547 3373 1737 3409 moun
1767 3357 1971 3410 Gener.
2000 3359 2155 3409 1694.
2184 3375 2239 3424 p.
2256 3358 2381 3410 339.

419 3441 506 3509 (2)
543 3440 665 3490 vid.
715 3455 769 3490 n.
796 3453 1046 3491 wmnrou
1090 3441 1147 3487 in
1178 3439 1348 3488 Pmef.
1378 3439 1444 3487 ad
1481 3440 1652 3504 Opera
1682 3439 1937 3503 quaedam
1977 3439 2232 3489 Venerab.
2263 3453 2378 3489 mn.

542 3521 761 3573 London
800 3521 957 3571 1693.
1032 3517 1116 3570 Cf.
1147 3521 1304 3571 etiam
1330 3521 1523 3585 Biogr.
1553 3521 1700 3570 Brit.
1735 3531 1786 3571 et
1808 3521 2094 3586 'de'Antiq.
2130 3520 2381 3571 Cantabr-

544 3605 714 3655 Acad.
767 3621 888 3672 pag.
932 3603 1225 3674 1337-143.
1309 3603 1441 3655 «Dr.
1491 3619 1534 3654 s.
1578 3618 1837 3669 Λιιοοοκ,
1890 3603 2083 3673 Bishop
2138 3603 2196 3654 of
2248 3602 2380 3671 Ely,
2427 3628 2434 3634 -

539 3691 596 3738 in
639 3707 666 3738 a
709 3687 1041 3739 constitution
1086 3685 1143 3736 of
1180 3685 1266 3736 his
1291 3687 1500 3755 printed
1527 3687 1599 3755 by
1629 3702 1857 3739 mcum>
1885 3702 2068 3740 ruso!
2092 3723 2109 3752 ,
2147 3687 2378 3741 directed

539 3773 627 3824 the
659 3789 866 3841 prayers
895 3771 975 3822 for
1000 3770 1089 3821 the
1124 3771 1238 3822 soni
1268 3772 1326 3821 of
1353 3787 1499 3823 ntus.
1521 3791 1551 3820 n

420 3855 503 3921 (3)
540 3855 736 3906 Smnon
769 3855 1017 3907 Dunelm.
1039 3889 1055 3916 ,
1093 3854 1154 3903 de
1182 3854 1333 3909 Dan.
1361 3856 1511 3905 Ecol.
1538 3872 1622 3922 ap.
1652 3852 1716 3903 Χ.
1742 3852 1928 3920 Script.
1948 3852 2179 3904 Lih.111.
2196 3870 2307 3919 oap.
2326 3852 2380 3901 ’7.

543 3936 732 3987 colum.
763 3935 850 3986 32.

423 4020 506 4087 (4)
545 4018 741 4071 Sumo!
760 4019 1124 4071 Dunelm.l.c.
1156 4019 1273 4068 Lib.
1305 4019 1345 4068 1.
1378 4036 1489 4085 cap.
1519 4020 1603 4068 14.
1632 4018 1732 4068 col.
1756 4020 1807 4067 8.
1839 4019 2028 4081 Antiq.
2060 4014 2380 4080 ofDurham

541 4103 722 4169 Abbey
762 4119 880 4169 pag.
927 4102 1042 4154 109.
1093 4102 1236 4152 Hist.
1281 4101 1389 4150 and
1430 4101 1619 4166 Antiq.
1652 4101 1715 4163 of
1735 4099 2024 4148 Newcastle
2060 4113 2201 4162 upon
2230 4098 2379 4165 Tyne

550 4187 613 4251 by
647 4199 689 4231 J.
722 4198 883 4234 mum>
913 4181 1030 4232 Vol.
1061 4183 1127 4235 II.
1157 4203 1277 4251 pag¹
1308 4185 1393 4236 54.
