2922 5195
1529 486 1611 544 94

550 666 844 753 mysteria
899 677 1382 742 consecrarent,
1440 662 1752 749 baptisma
1802 679 2205 751 peragerent.
2302 665 2593 751 Inprimis

543 782 897 869 ,Symbolum
928 780 1373 869 Apostolorum
1422 795 1488 843 et
1534 780 1905 845 Orationem
1941 782 2204 845 Domini
2247 783 2599 847 memoriae

549 901 888 991 infigerent
949 914 1250 988 oportere
1304 898 1560 980 scribit,
1631 921 1764 962 non
1820 899 2029 962 solum
2047 948 2066 982 ,
2133 902 2243 987 qui
2305 901 2602 965 Latinam

549 1018 834 1108 linguam
878 1015 1280 1097 didicissent,
1329 1039 1553 1080 verum
1604 1015 1796 1079 etiam
1816 1062 1836 1099 ,
1887 1017 1995 1103 qui
2052 1019 2183 1102 ejus
2236 1018 2440 1105 ignari
2503 1039 2603 1082 es-

550 1152 725 1218 sent,
773 1152 846 1200 ut
879 1135 1059 1200 alteri
1085 1135 1195 1198 illa
1221 1134 1446 1199 Latine
1465 1182 1484 1216 ,
1530 1133 1712 1197 alteri
1746 1135 2091 1199 vernaculo
2115 1157 2408 1200 sermone
2435 1138 2603 1200 reci-
2693 1196 2698 1197 ff

549 1268 779 1319 tarent.
873 1252 1102 1338 Neque
1152 1253 1282 1317 hoc
1336 1251 1418 1316 de
1476 1252 1682 1316 Laicis
1741 1252 1977 1335 modo,
2048 1251 2162 1319 sed
2213 1253 2295 1318 de
2353 1255 2604 1319 clericis

552 1372 748 1436 etiam
796 1385 860 1435 et
909 1371 1276 1452 monachis,
1335 1372 1444 1457 qui
1485 1371 1709 1436 Latine
1742 1372 2059 1435 nescirent
2078 1420 2097 1453 ,
2147 1371 2392 1436 dictum
2439 1372 2598 1463 vult.

551 1489 963 1578 Quapropter
990 1487 1151 1575 ipse,
1188 1489 1257 1552 in
1281 1512 1463 1553 usum
1487 1489 1836 1554 multorum
1859 1488 2301 1572 Sacerdotum‚
2335 1504 2400 1555 et
2421 1489 2606 1578 Sym-

550 1610 775 1674 bolum
824 1608 1288 1696 Apostolorum
1345 1622 1413 1672 et
1461 1607 1842 1673 Orationem
1887 1608 2153 1673 Domini
2203 1608 2274 1672 in
2323 1607 2607 1696 linguam

551 1728 907 1815 Anglorum
950 1749 1017 1789 se
1063 1723 1413 1790 reddidisse
1456 1742 1746 1792 testatur.

639 1844 1071 1929 Conqueritur
1113 1864 1314 1929 porro
1362 1864 1432 1906 se
1485 1842 1830 1925 audivisse,
1880 1843 2110 1908 multas
2159 1843 2340 1907 villas
2397 1859 2464 1908 et
2515 1844 2607 1907 vi-

553 1960 734 2028 culos
780 1960 851 2025 in
899 1959 1228 2023 montibus
1278 1958 1613 2023 inaccessis
1676 1975 1742 2023 et
1793 1959 2053 2023 saltibus
2099 1958 2381 2024 dumosis
2433 1961 2609 2024 inve·

555 2080 681 2145 niti
705 2126 724 2161 ,
786 2078 898 2141 ubi
954 2098 1281 2163 nunquam
1300 2122 1320 2159 ,
1379 2076 1595 2140 multis
1648 2076 2115 2141 transeuntibus
2160 2077 2339 2140 annis
2359 2123 2377 2158 ,
2442 2076 2612 2142 visus

554 2199 639 2263 sit
673 2196 987 2276 Antistes3
1028 2217 1299 2280 quorum
1338 2210 1558 2258 tamen
1596 2217 1679 2258 ne
1723 2217 1883 2258 unus
1930 2193 2190 2282 quidem
2235 2217 2274 2259 a
2316 2194 2605 2277 tributiS,

558 2313 850 2381 Antist-,iti
909 2310 1251 2377 reddendis
1267 2358 1285 2394 ,
1352 2312 1654 2376 immunis
1718 2334 1853 2377 esse
1915 2326 2153 2401 posset.
2263 2312 2457 2397 Cujus
2518 2312 2613 2376 rei

560 2433 766 2498 solam
806 2408 1062 2495 causam
1113 2452 1247 2494 esse
1289 2427 1449 2494 dicit
1497 2429 1854 2511 avaritiam,
1906 2426 2425 2517 quandoquidem
2462 2429 2612 2517 Epi-

557 2551 769 2640 scopi,
813 2547 1124 2639 pecuniae
1174 2568 1396 2613 amore
1445 2547 1617 2637 capti
1639 2594 1657 2630 ,
1707 2549 2018 2633 majorem
2056 2547 2282 2636 populi
2321 2561 2605 2637 partem,

557 2692 749 2758 quam
809 2688 1032 2735 curare
1097 2679 1356 2758 possent
1373 2710 1392 2745 ,
1442 2664 1513 2728 in
1571 2686 1751 2728 suam
1807 2662 2122 2745 ditionem
2176 2662 2606 2729 adsumerent.

559 2787 890 2852 Admonet
934 2785 1129 2873 igitur
1178 2805 1530 2847 uenarum
1551 2829 1571 2863 ,
1619 2798 1692 2846 ut
1737 2782 1949 2869 plures
1998 2782 2332 2850 ministerii
2375 2782 2473 2846 sui
2515 2803 2616 2845 so-

556 2905 696 2970 cios
764 2914 1204 2980 consecraret,
1270 2899 1607 2964 consilium
1666 2915 1919 2963 secutus
1979 2922 2297 2964 cnssconn
2364 2899 2612 2987 Papae,

562 3022 673 3107 qui
718 3018 977 3098 LiteriS,
1040 3014 1124 3079 ad
1160 3036 1587 3081 Ancus-rmum
1629 3014 1824 3099 datis,
1870 3014 2213 3081 duodecim
2260 3016 2617 3104 Episcopos

558 3132 1044 3203 constituendos
1074 3155 1208 3199 esse
1249 3133 1696 3224 significasset,
1744 3134 1910 3199 inter
1945 3157 2108 3219 quos
2131 3134 2412 3199 Antistes
2449 3134 2510 3197 E
2517 3132 2620 3197 bo-

566 3261 854 3322 racemis
874 3300 894 3335 ,
978 3267 1249 3341 accepto
1319 3251 1519 3341 pallio
1547 3298 1566 3333 ,
1647 3248 2174 3337 metropolitanus
2254 3266 2421 3315 esset
2490 3250 2619 3339 (1).

662 3541 745 3609 (1)
786 3541 1053 3610 Leguntur
1091 3539 1233 3606 ipsae
1278 3548 1522 3587 cnseonu
1552 3533 1614 3583 ad
1651 3546 1966 3584 Aususrmum
1994 3530 2196 3582 Literae
2229 3533 2285 3580 in
2327 3545 2440 3581 nnn.
2468 3530 2621 3582 Hist.

776 3626 927 3676 Eccl.
973 3622 1092 3674 Lib.
1119 3621 1164 3671 Ι.
1207 3637 1254 3670 c.
1285 3618 1372 3669 29.
1446 3615 1709 3668 Suadebat
1749 3614 1881 3682 Papa
1904 3649 1920 3678 ,
1968 3624 2026 3663 ut
2057 3628 2354 3666 incussimus
2384 3615 2622 3663 Eboraci

782 3707 1099 3775 Episcopum
1128 3702 1463 3753 constitueret
1483 3734 1498 3762 ,
1536 3715 1697 3766 quem
1726 3697 1915 3761 vellet,
1956 3697 2025 3746 ita
2052 3706 2225 3746 tamen
2245 3733 2261 3758 ‚
2299 3707 2356 3746 ut
2383 3696 2469 3745 hic
2499 3712 2626 3745 rur-

781 3805 867 3839 sus
903 3786 1181 3837 duodecim
1223 3784 1351 3834 alios
1388 3790 1620 3844 crearet,
1657 3790 1811 3848 atque
1852 3781 1964 3849 ipse
1994 3778 2420 3848 metropolitanus
2450 3790 2621 3843 esset,

781 3882 979 3934 nactus,
1013 3886 1176 3938 aeque
1207 3878 1360 3934 atque
1376 3865 1661 3933 Episcopus
1681 3866 2052 3930 Londinensi3‚
2071 3864 2290 3934 pallium
2307 3881 2334 3914 a
2350 3864 2485 3916 Sede
2501 3866 2626 3915 Ro-

708 3945 715 3952 ·
783 3973 963 4008 mana.
1032 3952 1245 4014 Voluit,
1284 3960 1341 3999 ut
1380 3966 1565 4001 omnes
1593 3950 1913 4001 Britanniae
1950 3952 2191 4019 Episcopi
2225 3964 2501 4001 Aucusrxno
2529 3967 2624 4000 es·-

788 4048 905 4090 sent
946 4034 1198 4103 subjecti3
1247 4043 1363 4101 post
1411 4031 1558 4084 illius
1598 4048 1722 4083 vero
1765 4032 2003 4097 obitum,
2055 4035 2194 4083 inter
2243 4033 2623 4083 Londinensem

791 4124 1106 4191 Episcopum
1133 4129 1183 4172 et
1199 4119 1579 4172 Eboraccnsem
1604 4134 1663 4174 ea
1693 4127 1826 4167 esset
1855 4117 2065 4176 honoris
2093 4116 2380 4181 distinctio,
2413 4128 2470 4166 ut
2484 4117 2626 4185 prior

795 4206 1099 4269 haberetur,
1145 4205 1233 4270 qui
1276 4205 1420 4271 prius
1449 4202 1630 4258 fuisset
1671 4200 1881 4257 electus.
1925 4200 2102 4256 Narrat
2140 4212 2311 4260 autem
2351 4214 2628 4256 conminus
