2922 5195
1541 501 1618 562 18

548 681 633 746 ris
655 728 673 762 ,
706 681 972 766 jubente
1012 701 1378 743 CBoLrluno
1421 680 1711 761 Abbate,
1741 677 1821 743 de
1862 679 2190 744 territorio
2228 679 2597 744 monasterii

550 821 739 861 rn'rar
799 813 864 862 et
915 821 1114 862 num
1171 801 1267 865 W
1260 798 1604 879 immadem
1677 812 1913 862 mente
1956 797 2110 862 licet
2172 819 2306 861 non
2369 797 2596 861 habitu

548 917 966 999 monasticus,
1000 920 1135 1002 jam
1177 916 1524 1005 disciplinis
1565 917 1897 981 inhaerens
1919 963 1936 998 ‚
1980 938 2149 980 anno
2179 915 2308 979 682
2344 914 2598 1002 <aetatis

546 1035 738 1124 igitur
805 1034 1058 1099 decimo
1080 1034 1128 1122 !)
1202 1034 1564 1122 pervenisse
1636 1032 2113 1121 Cantabrigiam
2136 1080 2156 1115 ‚
2203 1032 2315 1095 ubi
2361 1031 2481 1094 sibi
2528 1046 2598 1095 et

552 1153 688 1217 aliis
747 1152 988 1217 fructus
1056 1152 1356 1217 scientiae
1421 1149 1801 1217 seminando
1824 1198 1844 1233 ‚
1926 1150 2126 1215 libros
2194 1146 2536 1213 scribendo
2567 1194 2588 1230 ‚

549 1269 785 1334 inscios
835 1268 1279 1353 informando,
1338 1263 1688 1357 profecerit
1741 1290 1962 1333 coram
2011 1268 2156 1333 Deo
2210 1284 2276 1332 et
2322 1265 2597 1331 homini-

552 1387 673 1450 bus
735 1387 803 1449 in
872 1387 1197 1451 erroribus
1256 1385 1697 1452 enervandiS.»
1788 1386 1943 1448 Post
2011 1384 2239 1449 multas
2311 1382 2460 1447 dein
2531 1397 2601 1446 et

553 1503 757 1567 varias
807 1501 1297 1592 disceptationes
1359 1519 1586 1568 contra
1652 1504 1942 1592 Paganos
2004 1503 2073 1566 in
2141 1499 2443 1566 cathedra
2488 1498 2602 1572 See

552 1621 810 1685 niorum
872 1623 990 1686 sub
1057 1622 1246 1688 Patre
1306 1644 1642 1687 wurmno
1666 1669 1685 1705 ,
1748 1620 2246 1686 adsentientibus
2300 1620 2474 1683 c'lero
2533 1631 2603 1681 et

553 1739 853 1826 praelatis
901 1741 1080 1827 regni
1105 1787 1124 1821 ,
1173 1740 1371 1827 pallio
1416 1740 1683 1805 honoris
1726 1755 1791 1803 et
1833 1739 2006 1828 pileo
2048 1737 2370 1826 dignitatis
2390 1782 2408 1817 ,
2463 1736 2604 1798 for-

553 1878 661 1919 ma
720 1854 1238 1938 Atheniensium,
1308 1855 1390 1918 ad
1454 1854 1709 1919 laudem
1777 1872 2033 1920 evectus
2104 1855 2293 1918 fuisse
2365 1852 2601 1917 dicitur

554 1975 637 2039 A.
711 1973 842 2060 689
869 2019 888 2055 ,
963 1974 1115 2061 quin
1187 1974 1381 2038 etiam
1451 1974 1587 2062 ipse
1658 1988 1880 2062 postea
1944 1971 2235 2036 docuisse
2300 1970 2601 2058 perhibe·

551 2107 656 2156 tur
707 2089 828 2179 (1).
923 2090 1118 2172 Quod
1184 2090 1266 2156 ad
1331 2091 1735 2181 probandum
1795 2093 2072 2156 citantur
2113 2091 2359 2154 Literae
2412 2111 2602 2177 quae-

553 2208 702 2273 dam
748 2210 830 2274 ab
875 2233 1119 2275 Ammo
1142 2257 1163 2293 ‚
1214 2233 1408 2297 quum
1449 2212 1907 2298 obsequeretur
1949 2230 2208 2273 canoro
2253 2230 2480 2272 MAG-No
2529 2207 2601 2271 in

552 2328 836 2391 Francia
859 2376 878 2410 ,
946 2327 1027 2393 ad
1079 2328 1353 2395 Scholae
1415 2329 1960 2422 Cantabrigiettsis
2014 2327 2303 2391 alumnos
2347 2319 2599 2391 missae.

553 2443 717 2507 Sunt
761 2463 973 2509 autem
1016 2447 1168 2510 hae:
1855 2425 1858 2428 A

644 2563 991 2628 «Discretis
1055 2585 1315 2627 cnars'rr
1381 2562 1757 2627 haeredibus
1788 2610 1809 2644 ‚
1866 2560 2312 2625 immaculatae
2377 2560 2648 2625 Matris

563 2662 1014 2770 Cantabrigiae
1081 2680 1473 2747 scholaribus
1502 2729 1519 2764 ‚
1601 2702 1952 2762 smmum,
2040 2679 2173 2743 vita
2251 2693 2557 2766 peccator
2582 2726 2603 2760 ‚

554 2799 823 2863 salutem
907 2815 975 2863 et
1053 2798 1387 2866 doctrinae
1457 2799 1794 2863 virtutibus
1871 2797 2164 2887 gloriam.
2277 2794 2604 2876 Quoniam

556 2916 916 3004 ignorantia
982 2932 1186 2980 mater
1245 2933 1340 2979 est
1396 2917 1630 2978 erroris
1653 2962 1673 2996 ‚
1741 2937 1903 3002 rogo
1963 2915 2187 2976 intime
2212 2962 2230 2994 ,
2300 2929 2373 2976 ut
2436 2914 2606 2977 inter

558 3049 674 3095 vos
735 3048 1092 3096 assuescant
1159 3033 1342 3121 pueri
1405 3030 1653 3096 adstare
1705 3030 1996 3095 laudibus
2062 3031 2318 3117 superni
2372 3030 2562 3118 Regis
2582 3078 2603 3112 ‚

558 3171 692 3213 non
753 3148 1038 3237 vulpium
1099 3149 1322 3215 fodere
1385 3172 1720 3230 cavernaS,
1789 3171 1924 3212 non
1985 3148 2241 3237 fugaces
2309 3140 2612 3237 leporum=

562 3289 777 3332 cursus
825 3269 1050 3354 sequi,
1122 3267 1369 3332 discant
1420 3291 1592 3331 nunc
1646 3268 2002 3355 Scripturas
2067 3267 2289 3331 Sacras
2309 3314 2327 3348 ,
2388 3267 2611 3331 habita

562 3383 932 3472 cognitione
991 3386 1269 3448 veritatis
1337 3385 1639 3450 scientiae
1670 3434 1687 3467 ‚
1761 3400 1832 3447 ut
1891 3384 1985 3447 ita
2057 3399 2264 3448 aetate
2322 3383 2611 3472 perfecta

563 3502 722 3566 alios
771 3501 1005 3567 docere
1050 3505 1318 3592 possint.
1414 3505 1792 3593 Recogitate
1820 3551 1844 3584 ,
1891 3502 2159 3567 obsecro
2190 3549 2209 3585 ,
2261 3501 2604 3582 carissimi,

562 3617 1023 3683 nobilissimum
1071 3622 1271 3684 nostri
1320 3621 1628 3709 temporis
1670 3621 2038 3708 magistrum
2085 3642 2305 3684 ΒΒΒΑΜ
2345 3619 2612 3706 Presby-

777 3891 886 3954 lege
929 3893 986 3939 in
1027 3891 1180 3941 5622.
1226 3889 1443 3940 London
1486 3889 1641 3941 1721.
1690 3908 1810 3958 pag.
1852 3891 1916 3941 11
1963 3905 2075 3959 seq.
2146 3891 2210 3942 Et
2240 3892 2460 3942 iterum:
2499 3891 2612 3943 The

777 3975 926 4025 Hist.
963 3975 1069 4024 and
1093 3976 1279 4040 Antiq.
1309 3977 1373 4041 of
1394 3975 1474 4024 the
1504 3975 1662 4025 Univ.
1692 3977 1758 4040 of
1786 3975 1993 4027 Cambr.
2023 3977 2089 4044 by
2118 3992 2348 4028 molum>
2377 3991 2571 4028 mann
2591 4013 2622 4042 ‚,

773 4060 988 4125 printed
1004 4060 1107 4126 fort
1129 4074 1173 4109 J.
1204 4054 1405 4108 &Ancus
1424 4094 1441 4122 ,
1489 4064 1545 4110 at
1575 4060 1656 4108 the
1684 4060 1887 4108 Indian
1925 4061 2097 4122 Quem
2117 4098 2132 4124 ,
2175 4064 2229 4112 in
2259 4063 2340 4112 the
2367 4061 2609 4129 poultry.

783 4140 1018 4192 London.
1052 4170 1121 4180 -
1158 4141 1270 4191 Duo
1298 4140 1355 4190 hi
1384 4152 1504 4192 sunt
1528 4142 1665 4193 tituli
1692 4143 1927 4210 ejusdem
1955 4144 2095 4196 libri.

659 4221 741 4289 (1)
783 4220 1068 4274 Curatur.
1098 4223 1136 4273 1.
1167 4224 1205 4273 l.
1235 4242 1354 4290 pag.
1381 4224 1502 4277 2⁷5.
