2922 5195
1283 500 1367 561 65

1072 760 1412 831 SECTIO
1466 763 1578 829 11.

609 973 1084 1027 commum
1121 977 1191 1028 IN
1230 975 1471 1043 Novum
1510 977 2036 1033 TESTAMENTUM.

1199 1185 1427 1208 —ae-ba..

378 1376 460 1439 In
503 1377 923 1464 Evangelium
970 1397 1217 1458 mam,
1269 1372 1420 1440 libr-z·
1460 1378 1584 1442 IV.

379 1492 648 1581 Scripsit
711 1515 879 1556 mnu
941 1493 1108 1558 hanc
1186 1493 1675 1580 Expositionem
1694 1538 1715 1572 ‚
1792 1509 1862 1556 ut
1928 1511 2194 1582 apparet
2266 1519 2343 1561 ex

289 1609 575 1696 Epistola
622 1608 706 1672 ad
746 1631 960 1673 Accua
1006 1610 1398 1697 Episcopum
1444 1611 1505 1672 ei
1548 1609 1888 1697 praemissa
1905 1657 1924 1692 ,
1977 1612 2158 1674 annis
2197 1612 2342 1698 plu-

284 1727 462 1791 rimis
524 1744 672 1815 post
740 1728 1287 1792 Commentarium
1341 1727 1410 1790 in
1488 1749 1733 1791 Lucu.
1848 1728 2107 1815 Legitur
2171 1728 2341 1793 inter

282 1845 497 1932 Opera
539 1843 713 1910 Edi-t.
761 1845 952 1910 Basil.
1004 1844 1193 1909 Tom.
1236 1843 1318 1909 V.
1365 1866 1434 1931 p.
1478 1842 1710 1932 1-175‚
1755 1844 1986 1909 Colon.
2020 1845 2208 1911 Tom.
2249 1846 2332 1913 V.

276 1984 345 2049 p.
385 1959 659 2046 92-213.
753 1962 1038 2026 Maximo
1088 1962 1159 2024 in
1198 1963 1450 2025 honore
1491 1964 1627 2046 jam
1668 1960 2076 2025 habebantur
2116 1963 2334 2026 seculo

280 2077 424 2142 VII.
485 2092 550 2142 et
595 2075 774 2142 VIII.
831 2093 1076 2142 veteres
1139 2075 1469 2141 Ecclesiae
1518 2075 1821 2141 doctores
1844 2125 1864 2161 ,
1931 2101 2053 2144 nec
2115 2095 2333 2144 tamen

279 2216 504 2258 eorum
552 2194 791 2281 scripta
839 2209 1106 2282 propter
1143 2192 1460 2257 librorum
1510 2194 1841 2258 caritatem
1877 2195 1956 2257 in·
1983 2194 2333 2261 multorum

279 2311 574 2375 manibus
623 2320 828 2375 erant.
924 2310 1177 2374 Horum
1228 2309 1421 2398 igitur
1473 2308 1654 2375 ,dicta
1712 2328 2055 2399 excerpere
2072 2359 2092 2395 ,
2140 2329 2208 2377 et
2261 2315 2333 2378 in

275 2452 474 2493 unum
521 2428 820 2492 volumen
887 2428 1191 2517 colligere
1206 2475 1226 2511 ,
1289 2428 1633 2515 praecipue
1674 2449 1884 2491 mmm
1931 2431 2331 2517 propositum

275 2562 451 2630 erat3
501 2545 677 2636 quod
713 2563 930 2612 tamen
968 2548 1059 2611 ita
1102 2545 1400 2634 perfecit,
1446 2559 1519 2610 ut
1557 2561 1621 2609 et
1660 2567 1774 2610 sua
1807 2544 2164 2629 interdum,
2215 2548 2329 2622 ubi

274 2680 716 2753 opportunum
746 2662 1071 2727 videretur
1084 2710 1105 2745 ,
1140 2661 1426 2727 adderet.
1525 2662 1868 2749 Farragine
1897 2678 2106 2725 autem
2133 2662 2328 2725 adno-

271 2782 589 2845 tationum
638 2781 831 2845 variis
876 2804 957 2844 ex
996 2780 1173 2842 libris
1216 2793 1556 2867 congesta,
1607 2778 1969 2843 mirandum
2002 2802 2153 2844 sane
2191 2803 2325 2844 non

272 2913 369 2962 est
386 2946 405 2980 ,
447 2895 906 2986 interpretandi
954 2897 1146 2961 etiam
1191 2897 1509 2961 rationem
1543 2898 1951 2962 vehementer
1977 2896 2282 2963 fluctuare
2299 2947 2317 2981 ‚

268 3014 360 3079 ita
403 3030 478 3077 ut
524 3037 695 3079 nunc
736 3014 985 3103 regulas
1034 3030 1331 3100 sequatur
1378 3013 1840 3079 Grammaticas
1857 3062 1876 3096 ,
1938 3039 2113 3080 nunc
2167 3039 2322 3081 vero

269 3130 589 3220 allegoriis
640 3131 1003 3218 lusibusque
1051 3131 1290 3219 ingenii
1332 3130 1600 3194 omuino
1652 3128 2001 3218 indulgeat.
2094 3131 2194 3194 Ne
2235 3147 2327 3197 ta-

268 3269 419 3312 men
471 3247 790 3333 Majorum
852 3247 1025 3313 dicta
1081 3264 1385 3334 tanquam
1444 3271 1556 3312 sua
1609 3247 1899 3337 proferre
1954 3245 2280 3311 videretur
2298 3296 2316 3330 ,

269 3380 339 3428 et
378 3381 450 3428 ut
491 3365 660 3428 inter
699 3364 1093 3452 singulorum
1131 3365 1394 3428 Patrum
1428 3364 1668 3450 placita
1700 3363 2062 3428 discernere
2107 3383 2323 3452 posset

266 3480 511 3560 lector,
566 3478 981 3543 commodum
1018 3477 1230 3560 duxit,
1281 3501 1595 3566 quemque
1642 3480 1710 3542 in
1760 3479 2047 3567 margine
2101 3481 2323 3567 primis
2381 3514 2383 3516 >

267 3597 546 3663 nominis
590 3598 686 3661 sui
731 3596 930 3661 literis
976 3585 1356 3686 significare.
1452 3597 1535 3660 Et
1580 3620 1617 3660 a
1658 3597 1932 3662 librariis
1980 3598 2163 3662 enixe
2216 3621 2326 3687 pe-

267 3715 406 3796 tiit,
455 3730 561 3794 ut,
613 3715 666 3777 si
709 3714 944 3779 librum
991 3713 1316 3803 descriptu
1354 3713 1618 3803 dignum
1658 3712 2056 3800 judicarent,
2107 3715 2320 3780 literas

267 3830 409 3894 illas
466 3831 758 3920 exemplo
824 3831 1175 3917 adjicerent
1233 3832 1352 3920 (1).
1448 3833 1567 3897 Cui
1633 3834 1912 3897 auctoris
1964 3834 2314 3915 voluntati,

271 3970 466 4035 quum
507 3969 619 4010 eae
662 3948 729 4010 in
762 3951 1194 4015 vetustissimis
1232 3949 1580 4016 codicibus
1613 3953 1880 4017 omnino
1928 3929 2174 4034 desint,
2210 3953 2321 4014 mi-

358 4128 444 4193 (1)
488 4127 609 4179 vid.
628 4128 791 4178 Praef.
809 4132 867 4178 in
883 4130 1148 4192 Marcum,
1168 4132 1290 4180 etin
1304 4130 1527 4181 Lucam.
1544 4129 1689 4183 Edit.
1701 4128 1857 4180 Basil.
1876 4127 2023 4179 Tom.
2044 4128 2108 4179 V.
2127 4146 2250 4200 pag.
2264 4130 2292 4180 1
2306 4163 2322 4179 .

475 4221 526 4260 et
556 4212 657 4263 475
678 4247 694 4277 ,
735 4210 920 4262 Colon.
951 4230 1070 4280 pag.
1100 4212 1169 4264 92
1198 4224 1248 4263 et
1277 4215 1396 4267 215.

2018 4306 2051 4366 5
