2922 5195
1310 505 1386 565 91

326 707 833 755 commemorare
876 686 1250 749 curavimus,
1348 682 1532 763 Quae
1590 698 1803 748 utrum
1840 684 2225 774 negligentia
2272 688 2368 752 in·

325 809 624 897 terpretis
671 805 897 871 omissa
915 850 936 887 ,
997 803 1103 867 vel
1153 803 1336 874 aliter
1389 801 1598 897 dicta,
1662 826 1745 868 an
1793 803 2039 869 incuria
2086 805 2372 871 librario—

329 950 471 991 rum
525 927 651 991 sint
701 923 1041 1013 depravata
1058 970 1077 1006 ,
1126 923 1258 989 sive
1309 922 1530 987 relicta
1549 969 1568 1003 ,
1618 920 1910 987 nondum
1962 922 2126 987 scire
2166 924 2374 1011 potui·

324 1068 485 1110 mus.
620 1043 914 1130 Namque
998 1041 1313 1107 Graecum
1379 1041 1703 1128 exemplar
1777 1040 1970 1107 fuisse
2039 1040 2332 1109 falsatum
2347 1090 2368 1125 ,

325 1161 631 1251 suspicari
664 1183 799 1226 non
849 1159 1092 1242 aude03
1141 1157 1311 1225 unde
1346 1159 1623 1225 lectores
1656 1158 1977 1225 admoneo
1992 1207 2010 1242 ,
2060 1174 2133 1224 ut
2170 1162 2332 1225 haec
2351 1207 2373 1244 ,

328 1282 688 1368 ubicunque
743 1280 1115 1362 fecerimuS‚
1173 1279 1378 1369 gratia
1426 1277 1803 1343 eruditionis
1852 1279 2054 1369 legat,
2116 1302 2253 1344 non
2302 1281 2374 1344 in

326 1425 441 1466 suo
502 1417 720 1466 tamen
784 1399 1110 1465 volumine
1177 1397 1351 1463 velut
1415 1394 1754 1462 emendata
1816 1397 2151 1462 interserat
2165 1445 2185 1480 ,
2257 1398 2380 1462 nisi

325 1518 495 1584 forte
567 1542 643 1584 ea
705 1520 772 1582 in
838 1520 1069 1583 Latino
1140 1516 1384 1582 Codice
1448 1540 1598 1581 suae
1660 1514 1975 1580 Editionis
2033 1516 2378 1602 antiquitus

330 1637 422 1701 sic
496 1641 916 1725 interpretata
985 1635 1321 1723 repererit.
1336 1665 1364 1692 ’ν
1469 1634 1693 1699 Varias
1758 1636 1871 1698 has
1940 1634 2283 1717 lectiones,
2345 1659 2384 1700 a

328 1764 496 1819 nam
553 1769 837 1835 notataS,
888 1752 1159 1841 collegit
1207 1775 1514 1833 mamus,
1565 1753 1635 1816 in
1676 1752 1961 1841 Prologo
2000 1750 2083 1816 ad
2121 1752 2207 1819 N.
2252 1752 2331 1818 Τ.
2354 1800 2376 1836 ,

328 1873 480 1937 satis
552 1887 846 1935 constare
915 1882 1277 1952 autumans,
1353 1869 1667 1935 Codicem
1731 1892 1941 1935 nunni
2017 1887 2129 1935 aut
2194 1871 2379 1936 illum

327 1990 536 2077 ipsum
604 2011 736 2054 esse
751 2037 769 2071 ,
842 1990 952 2075 qui
1010 1988 1362 2054 hodienum
1419 1990 1493 2051 in
1559 1988 1961 2051 Bibliotheca
2020 1987 2381 2053 Bodleiana

339 2107 589 2170 Oxonii
662 2120 945 2170 servetur
960 2152 980 2187 ‚
1044 2120 1152 2169 aut
1211 2106 1344 2190 ejus
1404 2104 1598 2193 plane
1654 2105 2020 2194 gemellum.
2130 2107 2385 2171 «Unum

331 2223 557 2290 saltem
570 2268 592 2307 ,
669 2224 908 2311 inquit,
967 2238 1169 2288 exstat
1229 2238 1716 2288 monumentum
1735 2271 1755 2306 ,
1831 2222 2005 2288 unde
2060 2223 2144 2289 de
2206 2240 2384 2290 textu

337 2344 586 2409 Graeco
599 2366 629 2426 ,·
713 2342 913 2429 qualis
990 2357 1128 2404 tum
1202 2340 1577 2424 incedebat,
1673 2341 2018 2429 quidquam
2092 2341 2383 2433 dignosci

328 2462 561 2555 possit3
611 2484 649 2525 e
691 2458 1124 2549 Seriptcribus
1169 2460 1373 2542 enim,
1427 2461 1537 2547 qui
1579 2482 1663 2524 eo
1705 2477 1999 2548 tempore
2038 2458 2379 2545 florebant,

326 2579 500 2644 haud
562 2578 840 2669 reperias
893 2593 1147 2668 praeter
1205 2603 1404 2643 unum
1466 2577 1814 2646 alterumve
1832 2628 1851 2662 ,
1903 2581 2006 2644 cui
2045 2580 2381 2645 verbulum

330 2696 645 2762 exciderit
702 2696 783 2759 de
844 2695 1146 2776 Cancne,
1207 2713 1314 2759 aut
1374 2713 1551 2760 textu
1604 2696 1901 2782 originali
1949 2697 2033 2761 N.
2088 2696 2208 2760 T.»
2259 2696 2381 2784 (1).

337 2813 685 2875 Unanimes
746 2811 941 2898 igitur
998 2817 1159 2874 sunt
1202 2809 1565 2897 Scriptores
1616 2813 1686 2875 in
1729 2813 1858 2876 hcc
1918 2834 2127 2878 namn
2183 2838 2383 2904 opere

334 2927 690 3010 laudandO,
744 2930 977 3016 quippe
1040 2951 1167 3015 quo
1226 2927 1398 2992 haud
1459 2930 1785 3020 vulgarem
1842 2955 1965 3021 pro
2019 2933 2095 2996 iis
2142 2949 2390 3023 tempo-

335 3047 508 3111 ribus
572 3046 829 3136 linguae
890 3047 1194 3129 Latinae,
1253 3048 1540 3111 Graecae
1592 3067 1659 3113 et
1707 3049 2041 3114 Hebraeae
2090 3053 2387 3140 peritiam

331 3162 708 3229 ostenderit.
806 3164 1125 3252 Exemplis
1163 3164 1542 3253 quibusdam
1582 3166 1945 3232 docuerunt
1980 3191 2288 3236 summus
2322 3188 2390 3237 et

334 3305 919 3365 ROSENMULLERUS,
971 3282 1127 3371 quid
1169 3285 1296 3348 hoc
1341 3286 1409 3348 in
1455 3309 1690 3374 genere
1734 3287 2119 3374 praestiterit
2170 3287 2292 3377 (2).

421 3404 716 3490 Epistola
761 3424 968 3465 minan
1013 3402 1104 3464 ad
1143 3424 1468 3466 Amin-mm.

421 3522 691 3585 Notasse
750 3520 858 3583 hic
914 3518 1182 3601 sufficit,
1243 3519 1597 3609 Epistolam
1663 3518 1745 3582 ad
1805 3542 2139 3604 Animum,
2203 3546 2391 3611 quam

333 3644 465 3727 jam
524 3638 887 3720 citavimus,
948 3636 1187 3702 editam
1248 3662 1381 3703 esse
1418 3662 1455 3702 a
1492 3661 1906 3704 MAntnnomo
1946 3640 2016 3703 in
2060 3642 2392 3707 Analeetz's

434 3819 516 3889 (1)
555 3821 706 3875 ἄση.
737 3833 907 3870 num
942 3817 1170 3870 Dissert.
1201 3817 1260 3868 de
1290 3820 1441 3869 libris
1456 3818 1530 3870 N.
1552 3820 1643 3883 T.,
1683 3819 1910 3870 Canonis
1942 3821 2320 3873 Constitutione
2347 3827 2398 3871 et

548 3900 607 3949 S.
656 3904 830 3949 textus
866 3899 1087 3950 historia
1108 3938 1123 3965 ,
1162 3903 1441 3969 praemissa
1475 3903 1614 3955 Edit.
1646 3902 1713 3954 N.
1748 3903 1808 3954 Τ.
1841 3902 2024 3955 Graec.
2056 3905 2200 3972 Lips.
2232 3904 2389 3955 1723.

547 4002 668 4051 pag.
712 3984 797 4034 99.
844 3984 932 4034 n00
973 3984 1336 4035 1022-1027.
1409 3985 1495 4036 Cf.
1525 4001 1672 4037 arou.
1700 4002 1851 4039 smol<
1882 3988 2111 4036 Dis-sert.
2149 3987 2386 4053 critique

552 4083 645 4115 sur
677 4069 748 4117 les
783 4066 955 4116 MSS.
985 4068 1055 4117 du
1086 4069 1159 4119 N.
1197 4069 1261 4118 T.
1291 4086 1412 4135 pag.
1443 4070 1513 4119 59
1534 4106 1549 4131 ,
1587 4070 1675 4121 60.

425 4146 507 4215 (2)
547 4148 711 4201 Simon
743 4151 887 4200 Hist.
925 4151 1156 4218 Critique
1186 4153 1271 4203 des
1285 4154 1518 4220 princip.
1541 4153 1820 4205 Comment.
1838 4154 1875 4206 1.
1893 4172 1937 4206 c.
1956 4154 2387 4225 pag.340-344.

550 4232 927 4286 Rosnnumn.
958 4233 996 4285 1.
1029 4252 1074 4285 c.
1106 4235 1253 4289 Tom.
1286 4237 1348 4288 V.
1382 4254 1501 4304 pag.
1530 4238 1787 4289 96-102.
