2922 5195
1530 498 1612 555 70

550 677 763 742 deberi
794 724 813 757 ‚
885 676 997 738 sed
1058 696 1305 754 nonu,
1379 672 1672 736 Diacono
1735 673 2041 736 ecclesiae
2105 676 2586 761 Lugdunensis,

545 794 871 858 Monacho
930 816 985 857 s,
1046 812 1369 856 ‘rnunoms
1389 837 1407 872 ,
1474 790 1762 878 pluribus
1822 789 2218 858 demonstrat
2280 812 2597 855 nunno·

546 934 694 976 mus
742 910 863 999 (1).
958 910 1045 972 At
1098 930 1231 973 non
1285 907 1494 975 solum
1536 909 1671 995 ipse
1722 931 1889 972 mnu
1941 906 2255 994 ejusmodi
2312 931 2475 996 opus
2527 929 2597 974 se

547 1030 896 1094 confecisse
940 1028 1009 1091 in
1045 1026 1264 1092 Indice
1311 1024 1626 1108 declarat,
1672 1024 1785 1090 sed
1832 1030 1963 1112 ejus
2017 1026 2474 1091 Collectaneum
2527 1033 2599 1088 in

546 1147 914 1234 Apostolum
936 1192 954 1226 ‚
1002 1168 1088 1208 ex
1121 1143 1413 1231 operibus
1439 1164 1796 1207 Ancus'rnu
1824 1143 2205 1231 deser-aptum
2224 1190 2243 1225 ‚
2286 1143 2409 1206 sibi
2448 1157 2599 1206 ante

546 1264 769 1327 oculos
802 1263 990 1327 fuisse
1027 1276 1288 1326 testatur
1330 1282 1534 1324 Lupus
1569 1263 2004 1345 Ferrariensize
2036 1260 2118 1324 ad
2154 1280 2594 1340 unwanum,

543 1379 704 1445 illud
732 1381 985 1445 mittere
1019 1403 1151 1443 non
1190 1400 1372 1443 ausus
1379 1426 1402 1460 ,
1432 1394 1776 1468 propterea
1799 1376 1973 1466 quod
2001 1392 2208 1441 tantus
2235 1391 2374 1441 erat
2399 1375 2602 1458 liber,

548 1512 656 1562 «ut
701 1519 823 1562 nec
867 1499 1006 1561 sinu
1054 1497 1275 1579 celari,
1322 1517 1446 1560 nec
1489 1518 1644 1584 pera
1694 1495 2015 1559 contineri
2059 1494 2206 1557 satis
2251 1490 2599 1557 commode

547 1629 801 1702 posset-
842 1615 963 1703 (2).
1059 1613 1420 1678 Genuinum
1461 1614 1635 1677 hunc
1676 1634 1883 1676 unm
1930 1613 1998 1677 in
2038 1611 2356 1700 Epistolas
2401 1628 2600 1675 num

549 1733 1098 1796 commentarium
1118 1779 1137 1813 ‚
1212 1726 1463 1794 duobus
1505 1729 1850 1794 Codicibus
1920 1728 2423 1793 membranaceis
2486 1724 2600 1790 de-

544 1849 882 1936 scriptum,
914 1846 1157 1910 invenit
1188 1868 1633 1912 unmnomns
1650 1893 1672 1926 ‚
1715 1870 1988 1933 quorum
2017 1847 2180 1911 alter
2204 1845 2493 1934 Epistola
2514 1843 2599 1909 ad

557 1964 1151 2030 Thessalonicenses
1176 1962 1418 2044 finitur,
1453 1964 1614 2041 alter
1636 1985 1859 2027 omnes
1881 1962 2198 2052 Epistolas
2226 1963 2601 2050 complecti-

550 2097 680 2148 tur.
728 2081 847 2145 Vir
880 2098 1089 2145 autem
1123 2080 1635 2170 diligentissimus
1666 2104 1777 2146 eos
1802 2083 1872 2148 in
1897 2081 2108 2149 lucem
2136 2104 2204 2145 se
2225 2096 2359 2146 esse
2389 2081 2600 2146 editu-

549 2223 690 2264 rum
728 2200 1049 2288 pollicitus
1086 2215 1181 2265 est
1218 2198 1334 2286 (3).
1430 2199 1668 2265 Lucem
1704 2216 1921 2267 tamen
1949 2199 2237 2266 nondum
2268 2198 2591 2267 viderunt.

571 2410 1131 2420 -———--———
1143 2411 1280 2420 *a

635 2546 720 2615 (l)
761 2545 823 2599 In
853 2545 1083 2615 Dizquis.
1115 2546 1363 2615 peculiari
1393 2545 1535 2600 laud.
1565 2547 1821 2618 pag-488.
1851 2547 1938 2600 κιο.
1954 2548 2010 2600 3.
2039 2546 2162 2597 vid.
2189 2549 2347 2597 etiam
2374 2548 2597 2617 pag.18.

758 2628 973 2683 Observ.
1004 2629 1060 2681 3.
1129 2628 1490 2693 Tunnmus,
1522 2632 1612 2697 qui
1643 2628 1926 2694 Codicem,
1957 2628 2193 2697 ejusdem
2217 2643 2365 2688 nom
2382 2634 2598 2682 nomine

762 2716 1093 2783 inscriptum,
1124 2715 1318 2783 reperit
1344 2716 1401 2764 in
1430 2711 1735 2764 monasterio
1766 2727 2067 2765 sanunons
2085 2747 2102 2774 ,
2142 2730 2266 2763 eum
2292 2710 2600 2764 Monachum

766 2799 1174 2851 Trudonianum
1202 2796 1366 2847 fuisse
1397 2797 1731 2847 existimavit.
1804 2795 1994 2847 Faunus
2019 2806 2192 2847 autem
2219 2795 2311 2847 ille
2337 2797 2600 2865 duplicem

764 2879 1024 2946 ejusmodi
1074 2877 1525 2930 Commentarium
1587 2880 1850 2928 contexuit
1872 2914 1888 2940 ,
1940 2878 2161 2931 alterum
2206 2897 2273 2932 ex
2330 2896 2605 2934 mausum

758 2960 900 3021 solo,
954 2961 1047 3025 qui
1093 2960 1236 3008 idem
1280 2976 1392 3009 esse
1436 2960 1640 3010 videtur
1685 2969 1837 3026 atque
1866 2959 1957 3009 ille
1978 2995 1995 3023 ,
2033 2964 2126 3029 qui
2158 2964 2215 3011 in
2247 2963 2407 3012 Editt.
2439 2978 2602 3015 nnn

758 3056 953 3091 nomen
976 3040 1100 3104 fert,
1133 3040 1352 3093 alterum
1379 3059 1444 3092 ex
1472 3041 1706 3092 Patribus
1719 3041 1997 3094 duodecim
2016 3079 2031 3106 ‚
2065 3057 2339 3107 otranno,
2358 3058 2601 3109 munte,

756 3138 1027 3186 menone,
1066 3137 1306 3187 monuo,
1347 3140 1657 3189 utorium,
1692 3141 1940 3178 outcome
1974 3128 2341 3192 Nazianzeno‚
2371 3143 2603 3181 tranunt

759 3208 1025 3267 Diacono,
1052 3220 1208 3256 non
1228 3206 1384 3275 Papa,
1413 3222 1629 3259 omnm
1646 3210 2032 3274 Alexandrino,
2062 3205 2367 3275 rumen-1¹10,
2388 3226 2604 3265 nunno

755 3300 808 3340 ct
837 3301 1009 3339 niro.
1053 3286 1182 3339 vid.
1208 3302 1500 3342 uuonan
1528 3291 1600 3339 ad
1626 3291 1850 3341 Avitum
1881 3290 2038 3360 Oper.
2068 3291 2218 3342 Tom.
2245 3293 2314 3342 11.
2345 3295 2603 3363 pag.14⁷.

760 3373 828 3423 Et
865 3371 1001 3421 hanc
1043 3370 1261 3438 quidem
1298 3370 1678 3426 collectionem
1708 3391 1775 3424 ex
1816 3373 1922 3427 HS.
1952 3377 2164 3443 majoris
2179 3376 2474 3428 *Cadusiae
2500 3377 2604 3428 de-

757 3458 961 3526 scripsit
992 3472 1038 3507 Ρ.
1068 3471 1116 3507 r.
1145 3470 1501 3521 omri-unus,
1533 3459 1626 3524 qui
1655 3458 1945 3509 conferatur
1975 3462 2030 3509 in
2058 3461 2290 3510 Paulino
2317 3461 2600 3513 Illustrato

756 3552 810 3593 et
838 3542 909 3591 ad
936 3541 1282 3603 Fulgentium
1311 3541 1367 3589 in
1399 3540 1566 3592 Praef.
1599 3550 1650 3590 et
1678 3559 1796 3609 pag.
1828 3540 1951 3592 322.

643 3625 725 3692 (2)
766 3626 929 3676 Lupus
969 3625 1191 3679 Ferrar.
1220 3625 1384 3692 Epist.
1422 3625 1510 3675 76.
1540 3642 1661 3693 pag.
1692 3625 1810 3674 118.
1887 3625 2128 3676 Eundem
2156 3625 2602 3678 Commentarium

757 3709 929 3758 laudat
971 3722 1258 3759 mannans
1295 3710 1501 3759 advers.
1554 3708 1982 3759 Gothewhalcum
2025 3709 2141 3759 Lib.
2171 3709 2240 3760 11.
2268 3725 2382 3777 cap.
2411 3710 2464 3760 1.
2518 3708 2606 3761 cf.

762 3805 995 3842 nunnus
1026 3792 1097 3841 ad
1121 3792 1335 3859 Lupum
1365 3792 1588 3841 Ferrar.
1617 3809 1739 3860 pag.
1761 3791 1886 3843 405.

644 3874 730 3943 (3)
772 3872 995 3926 Eunu.
1038 3876 1096 3925 in
1141 3875 1381 3924 Analect.
1426 3873 1574 3940 Disq.
1608 3872 1749 3923 laud.
1794 3875 1881 3924 n0.
1909 3874 1977 3925 11.
2048 3872 2324 3925 Wlunrou
2354 3874 2412 3924 in
2440 3874 2606 3926 Praef.
2635 3918 2656 3937 ,

765 3957 830 4007 ad
877 3958 1018 4010 Edit.
1060 3957 1228 4008 Lond.
1260 3957 1414 4008 1693.
1490 3957 1643 4008 Recte
1675 3967 1853 4006 monet
1883 3970 2149 4008 nummus
2179 3956 2218 4006 1.
2247 3956 2283 4006 l.
2315 3973 2435 4025 pag.
2461 3957 2566 4007 190
2587 3992 2604 4021 ,

759 4059 927 4110 quum
983 4043 1039 4091 in
1083 4056 1344 4093 numan
1395 4042 1650 4105 Dialogis
1690 4041 1866 4108 legas,
1910 4055 2263 4092 mmumuuu
2306 4041 2599 4110 pollicitum

762 4141 910 4190 esse,
964 4128 1018 4177 in
1063 4126 1234 4178 lucem
1279 4142 1331 4176 sc
1376 4126 1636 4176 editurum
1683 4123 1978 4175 Commeat.
2019 4127 2289 4188 geminum
2335 4140 2496 4175 manu
2543 4127 2598 4174 in

765 4224 908 4260 mum
929 4211 1203 4276 Epistola,
1238 4212 1505 4262 neminem
1522 4227 1627 4260 non
1644 4208 1845 4275 videre,
1861 4212 2149 4272 genuinum
2164 4209 2448 4276 legendum
2465 4224 2599 4264 csse.
