<?xml version="1.0" encoding="UTF-8"?>
<!DOCTYPE html PUBLIC "-//W3C//DTD XHTML 1.0 Transitional//EN"
    "http://www.w3.org/TR/xhtml1/DTD/xhtml1-transitional.dtd">
<html xmlns="http://www.w3.org/1999/xhtml" xml:lang="en" lang="en">
 <head>
  <title>
</title>
<meta http-equiv="Content-Type" content="text/html;charset=utf-8" />
  <meta name='ocr-system' content='tesseract 3.04.00' />
  <meta name='ocr-capabilities' content='ocr_page ocr_carea ocr_par ocr_line ocrx_word'/>
</head>
<body>
  <div class='ocr_page' id='page_1' title='image "./disputatiohisto02gehlgoog_0048.png"; bbox 0 0 2922 5195; ppageno 0'>
   <div class='ocr_carea' id='block_1_1' title="bbox 1325 504 1409 566">
    <p class='ocr_par' dir='ltr' id='par_1_1' title="bbox 1325 504 1409 566">
     <span class='ocr_line' id='line_1_1' title="bbox 1325 504 1409 566; baseline 0.012 -1"><span class='ocrx_word' id='word_1_1' title='bbox 1325 504 1409 566; x_wconf 82' lang='lat'><strong>35</strong></span> 
     </span>
    </p>
   </div>
   <div class='ocr_carea' id='block_1_2' title="bbox 312 678 2373 1598">
    <p class='ocr_par' dir='ltr' id='par_1_2' title="bbox 312 678 2373 1598">
     <span class='ocr_line' id='line_1_2' title="bbox 324 678 2369 775; baseline 0.003 -29"><span class='ocrx_word' id='word_1_2' title='bbox 324 697 577 747; x_wconf 85' lang='lat' dir='ltr'><strong>verunt.</strong></span> <span class='ocrx_word' id='word_1_3' title='bbox 672 678 864 761; x_wconf 87' lang='lat' dir='ltr'><strong>Quod</strong></span> <span class='ocrx_word' id='word_1_4' title='bbox 895 705 1089 769; x_wconf 88' lang='lat' dir='ltr'><strong>quum</strong></span> <span class='ocrx_word' id='word_1_5' title='bbox 1115 682 1244 746; x_wconf 90' lang='lat' dir='ltr'><strong>hoc</strong></span> <span class='ocrx_word' id='word_1_6' title='bbox 1276 682 1457 747; x_wconf 83' lang='lat' dir='ltr'><strong>fieret</strong></span> <span class='ocrx_word' id='word_1_7' title='bbox 1491 684 1797 766; x_wconf 85' lang='lat' dir='ltr'><strong>consili0,</strong></span> <span class='ocrx_word' id='word_1_8' title='bbox 1828 699 1899 747; x_wconf 88' lang='lat' dir='ltr'><strong>ut</strong></span> <span class='ocrx_word' id='word_1_9' title='bbox 1932 704 2233 775; x_wconf 84' lang='lat' dir='ltr'><strong>augerent</strong></span> <span class='ocrx_word' id='word_1_10' title='bbox 2264 711 2369 752; x_wconf 91' lang='lat' dir='ltr'><strong>ec-</strong></span> 
     </span>
     <span class='ocr_line' id='line_1_3' title="bbox 325 799 2369 894; baseline 0.004 -32"><span class='ocrx_word' id='word_1_11' title='bbox 325 800 557 865; x_wconf 87' lang='lat' dir='ltr'><strong>clesiae</strong></span> <span class='ocrx_word' id='word_1_12' title='bbox 612 823 755 864; x_wconf 88' lang='lat' dir='ltr'><strong>suae</strong></span> <span class='ocrx_word' id='word_1_13' title='bbox 811 799 1070 865; x_wconf 86' lang='lat' dir='ltr'><strong>laudem</strong></span> <span class='ocrx_word' id='word_1_14' title='bbox 1127 816 1190 863; x_wconf 91' lang='lat' dir='ltr'><strong>et</strong></span> <span class='ocrx_word' id='word_1_15' title='bbox 1244 802 1813 884; x_wconf 83' lang='lat' dir='ltr'><strong>existimationem,</strong></span> <span class='ocrx_word' id='word_1_16' title='bbox 1871 804 1940 866; x_wconf 90' lang='lat' dir='ltr'><strong>in</strong></span> <span class='ocrx_word' id='word_1_17' title='bbox 1993 827 2071 868; x_wconf 94' lang='lat' dir='ltr'><strong>eo</strong></span> <span class='ocrx_word' id='word_1_18' title='bbox 2115 828 2369 894; x_wconf 88' lang='lat' dir='ltr'><strong>quoque</strong></span> 
     </span>
     <span class='ocr_line' id='line_1_4' title="bbox 312 918 2365 1012; baseline 0.003 -31"><span class='ocrx_word' id='word_1_19' title='bbox 312 918 509 981; x_wconf 78' lang='lat' dir='ltr'><strong>enixe</strong></span> <span class='ocrx_word' id='word_1_20' title='bbox 548 939 812 1005; x_wconf 85' lang='lat' dir='ltr'>operam</span> <span class='ocrx_word' id='word_1_21' title='bbox 854 934 1237 1007; x_wconf 83' lang='lat' dir='ltr'><strong>posuerunt,</strong></span> <span class='ocrx_word' id='word_1_22' title='bbox 1286 935 1358 982; x_wconf 89' lang='lat' dir='ltr'><strong>ut</strong></span> <span class='ocrx_word' id='word_1_23' title='bbox 1390 920 1484 983; x_wconf 90' lang='lat' dir='ltr'><strong>rei</strong></span> <span class='ocrx_word' id='word_1_24' title='bbox 1512 922 1844 985; x_wconf 87' lang='lat' dir='ltr'><strong>veritatem</strong></span> <span class='ocrx_word' id='word_1_25' title='bbox 1871 923 2220 1010; x_wconf 81' lang='lat' dir='ltr'><strong>probarent</strong></span> <span class='ocrx_word' id='word_1_26' title='bbox 2248 947 2365 1012; x_wconf 90' lang='lat' dir='ltr'><strong>po-</strong></span> 
     </span>
     <span class='ocr_line' id='line_1_5' title="bbox 325 1034 2369 1122; baseline 0.005 -26"><span class='ocrx_word' id='word_1_27' title='bbox 325 1034 582 1122; x_wconf 88' lang='lat' dir='ltr'><strong>pulique</strong></span> <span class='ocrx_word' id='word_1_28' title='bbox 643 1035 871 1099; x_wconf 86' lang='lat' dir='ltr'><strong>animis</strong></span> <span class='ocrx_word' id='word_1_29' title='bbox 925 1036 1342 1101; x_wconf 88' lang='lat' dir='ltr'><strong>inculcarent.</strong></span> <span class='ocrx_word' id='word_1_30' title='bbox 1452 1038 1881 1105; x_wconf 89' lang='lat' dir='ltr'><strong>Memoratum</strong></span> <span class='ocrx_word' id='word_1_31' title='bbox 1936 1040 2096 1105; x_wconf 88' lang='lat' dir='ltr'><strong>illud</strong></span> <span class='ocrx_word' id='word_1_32' title='bbox 2152 1059 2247 1107; x_wconf 89' lang='lat' dir='ltr'><strong>est</strong></span> <span class='ocrx_word' id='word_1_33' title='bbox 2301 1045 2369 1107; x_wconf 92' lang='lat' dir='ltr'><strong>in</strong></span> 
     </span>
     <span class='ocr_line' id='line_1_6' title="bbox 325 1152 2364 1245; baseline 0.005 -29"><span class='ocrx_word' id='word_1_34' title='bbox 325 1153 612 1217; x_wconf 86' lang='lat' dir='ltr'><strong>carmine</strong></span> <span class='ocrx_word' id='word_1_35' title='bbox 663 1152 943 1239; x_wconf 86' lang='lat' dir='ltr'><strong>quodam</strong></span> <span class='ocrx_word' id='word_1_36' title='bbox 997 1153 1077 1219; x_wconf 87' lang='lat' dir='ltr'><strong>de.</strong></span> <span class='ocrx_word' id='word_1_37' title='bbox 1133 1156 1304 1219; x_wconf 87' lang='lat' dir='ltr'><strong>urbis</strong></span> <span class='ocrx_word' id='word_1_38' title='bbox 1350 1157 1796 1221; x_wconf 77' lang='lat' dir='ltr'><strong>Dunelmensis</strong></span> <span class='ocrx_word' id='word_1_39' title='bbox 1854 1160 1978 1223; x_wconf 87' lang='lat' dir='ltr'><strong>situ</strong></span> <span class='ocrx_word' id='word_1_40' title='bbox 2027 1176 2092 1224; x_wconf 90' lang='lat' dir='ltr'><strong>et</strong></span> <span class='ocrx_word' id='word_1_41' title='bbox 2139 1161 2364 1245; x_wconf 82' lang='lat' dir='ltr'><strong>laude,</strong></span> 
     </span>
     <span class='ocr_line' id='line_1_7' title="bbox 323 1268 2369 1362; baseline 0.006 -31"><span class='ocrx_word' id='word_1_42' title='bbox 323 1268 541 1357; x_wconf 85' lang='lat' dir='ltr'><strong>lingua</strong></span> <span class='ocrx_word' id='word_1_43' title='bbox 584 1271 906 1337; x_wconf 72' lang='lat' dir='ltr'><strong>Saxonica</strong></span> <span class='ocrx_word' id='word_1_44' title='bbox 955 1274 1352 1362; x_wconf 87' lang='lat' dir='ltr'><strong>conscripto,</strong></span> <span class='ocrx_word' id='word_1_45' title='bbox 1399 1273 1575 1361; x_wconf 88' lang='lat' dir='ltr'><strong>quod</strong></span> <span class='ocrx_word' id='word_1_46' title='bbox 1621 1298 1768 1339; x_wconf 91' lang='lat' dir='ltr'><strong>cum</strong></span> <span class='ocrx_word' id='word_1_47' title='bbox 1799 1276 2070 1340; x_wconf 89' lang='lat' dir='ltr'><strong>aliorum</strong></span> <span class='ocrx_word' id='word_1_48' title='bbox 2102 1277 2369 1344; x_wconf 88' lang='lat' dir='ltr'><strong>Sancto-</strong></span> 
     </span>
     <span class='ocr_line' id='line_1_8' title="bbox 322 1391 2372 1480; baseline 0.004 -29"><span class='ocrx_word' id='word_1_49' title='bbox 322 1409 465 1451; x_wconf 89' lang='lat' dir='ltr'><strong>rum</strong></span> <span class='ocrx_word' id='word_1_50' title='bbox 484 1436 504 1470; x_wconf 92' lang='lat'>,</span> <span class='ocrx_word' id='word_1_51' title='bbox 563 1404 700 1453; x_wconf 89' lang='lat' dir='ltr'><strong>tum</strong></span> <span class='ocrx_word' id='word_1_52' title='bbox 759 1412 966 1454; x_wconf 70' lang='lat' dir='ltr'><strong>annm</strong></span> <span class='ocrx_word' id='word_1_53' title='bbox 1019 1391 1210 1456; x_wconf 86' lang='lat' dir='ltr'><strong>etiam</strong></span> <span class='ocrx_word' id='word_1_54' title='bbox 1229 1440 1249 1474; x_wconf 92' lang='lat'>,</span> <span class='ocrx_word' id='word_1_55' title='bbox 1324 1392 1619 1479; x_wconf 84' lang='lat' dir='ltr'><strong>reliquias</strong></span> <span class='ocrx_word' id='word_1_56' title='bbox 1677 1392 1769 1456; x_wconf 85' lang='lat' dir='ltr'><strong>ihi</strong></span> <span class='ocrx_word' id='word_1_57' title='bbox 1833 1410 2232 1459; x_wconf 81' lang='lat' dir='ltr'><strong>conservatas</strong></span> <span class='ocrx_word' id='word_1_58' title='bbox 2274 1398 2372 1480; x_wconf 85' lang='lat' dir='ltr'><strong>ja-</strong></span> 
     </span>
     <span class='ocr_line' id='line_1_9' title="bbox 323 1504 2373 1598; baseline 0.004 -28"><span class='ocrx_word' id='word_1_59' title='bbox 323 1521 456 1570; x_wconf 85' lang='lat' dir='ltr'><strong>ctat</strong></span> <span class='ocrx_word' id='word_1_60' title='bbox 475 1504 593 1594; x_wconf 89' lang='lat'>(1).</span> <span class='ocrx_word' id='word_1_61' title='bbox 627 1509 1026 1574; x_wconf 59' lang='lat' dir='ltr'><strong>Ataxannaa</strong></span> <span class='ocrx_word' id='word_1_62' title='bbox 1055 1533 1308 1598; x_wconf 89' lang='lat' dir='ltr'><strong>quoque</strong></span> <span class='ocrx_word' id='word_1_63' title='bbox 1339 1533 1711 1594; x_wconf 66' lang='lat' dir='ltr'><strong>mmmmm»,</strong></span> <span class='ocrx_word' id='word_1_64' title='bbox 1747 1513 1816 1575; x_wconf 87' lang='lat' dir='ltr'><strong>in</strong></span> <span class='ocrx_word' id='word_1_65' title='bbox 1846 1513 2013 1577; x_wconf 91' lang='lat' dir='ltr'><strong>libro</strong></span> <span class='ocrx_word' id='word_1_66' title='bbox 2040 1514 2122 1578; x_wconf 81' lang='lat' dir='ltr'><strong>de</strong></span> <span class='ocrx_word' id='word_1_67' title='bbox 2151 1514 2373 1578; x_wconf 83' lang='lat' dir='ltr'><strong>Laude</strong></span> 
     </span>
    </p>
   </div>
   <div class='ocr_carea' id='block_1_3' title="bbox 319 1625 2371 1808">
    <p class='ocr_par' dir='ltr' id='par_1_3' title="bbox 319 1625 2371 1808">
     <span class='ocr_line' id='line_1_10' title="bbox 319 1625 2371 1717; baseline 0.004 -30"><span class='ocrx_word' id='word_1_68' title='bbox 319 1625 598 1688; x_wconf 78' lang='lat' dir='ltr'><strong>Divinae</strong></span> <span class='ocrx_word' id='word_1_69' title='bbox 653 1626 1045 1713; x_wconf 81' lang='lat' dir='ltr'><strong>Sapientiae,</strong></span> <span class='ocrx_word' id='word_1_70' title='bbox 1105 1628 1219 1691; x_wconf 88' lang='lat' dir='ltr'><strong>ubi</strong></span> <span class='ocrx_word' id='word_1_71' title='bbox 1265 1627 1348 1692; x_wconf 91' lang='lat' dir='ltr'><strong>de</strong></span> <span class='ocrx_word' id='word_1_72' title='bbox 1403 1650 1791 1694; x_wconf 76' lang='lat' dir='ltr'><strong>curnmmro</strong></span> <span class='ocrx_word' id='word_1_73' title='bbox 1843 1629 2156 1717; x_wconf 82' lang='lat' dir='ltr'><strong>loquitur,</strong></span> <span class='ocrx_word' id='word_1_74' title='bbox 2212 1633 2371 1695; x_wconf 87' lang='lat' dir='ltr'><strong>haec</strong></span> 
     </span>
     <span class='ocr_line' id='line_1_11' title="bbox 322 1741 554 1808; baseline 0.017 -4"><span class='ocrx_word' id='word_1_75' title='bbox 322 1741 554 1808; x_wconf 82' lang='lat' dir='ltr'><strong>habet:</strong></span> 
     </span>
    </p>
   </div>
   <div class='ocr_carea' id='block_1_4' title="bbox 585 1868 2068 2156">
    <p class='ocr_par' dir='ltr' id='par_1_4' title="bbox 585 1868 2068 2156">
     <span class='ocr_line' id='line_1_12' title="bbox 771 1868 1909 1949; baseline 0.004 -24"><span class='ocrx_word' id='word_1_76' title='bbox 771 1902 851 1913; x_wconf 90' lang='grc'><strong>--</strong></span> <span class='ocrx_word' id='word_1_77' title='bbox 877 1868 1061 1943; x_wconf 63' lang='lat' dir='ltr'><strong>Bam,</strong></span> <span class='ocrx_word' id='word_1_78' title='bbox 1084 1870 1166 1927; x_wconf 83' lang='lat' dir='ltr'><strong>vir</strong></span> <span class='ocrx_word' id='word_1_79' title='bbox 1186 1870 1448 1949; x_wconf 81' lang='lat' dir='ltr'><strong>egregius</strong></span> <span class='ocrx_word' id='word_1_80' title='bbox 1465 1911 1481 1944; x_wconf 85' lang='lat'>,</span> <span class='ocrx_word' id='word_1_81' title='bbox 1506 1872 1809 1929; x_wconf 80' lang='lat' dir='ltr'><strong>associatur</strong></span> <span class='ocrx_word' id='word_1_82' title='bbox 1830 1872 1909 1931; x_wconf 86' lang='lat' dir='ltr'><strong>ei:</strong></span> 
     </span>
     <span class='ocr_line' id='line_1_13' title="bbox 585 1968 2001 2053; baseline 0.006 -27"><span class='ocrx_word' id='word_1_83' title='bbox 585 1968 877 2049; x_wconf 86' lang='lat' dir='ltr'><strong>Ingenium</strong></span> <span class='ocrx_word' id='word_1_84' title='bbox 902 1974 1065 2050; x_wconf 86' lang='lat' dir='ltr'><strong>cujus</strong></span> <span class='ocrx_word' id='word_1_85' title='bbox 1086 1993 1200 2030; x_wconf 89' lang='lat' dir='ltr'><strong>non</strong></span> <span class='ocrx_word' id='word_1_86' title='bbox 1224 1970 1470 2030; x_wconf 88' lang='lat' dir='ltr'><strong>mundus</strong></span> <span class='ocrx_word' id='word_1_87' title='bbox 1493 1972 1758 2032; x_wconf 82' lang='lat' dir='ltr'><strong>claudere</strong></span> <span class='ocrx_word' id='word_1_88' title='bbox 1779 1990 2001 2053; x_wconf 88' lang='lat' dir='ltr'><strong>posset,</strong></span> 
     </span>
     <span class='ocr_line' id='line_1_14' title="bbox 672 2069 2068 2156; baseline 0 -25"><span class='ocrx_word' id='word_1_89' title='bbox 672 2071 903 2152; x_wconf 81' lang='lat' dir='ltr'><strong>Corpus</strong></span> <span class='ocrx_word' id='word_1_90' title='bbox 925 2072 1313 2134; x_wconf 84' lang='lat' dir='ltr'><strong>honorandum</strong></span> <span class='ocrx_word' id='word_1_91' title='bbox 1337 2074 1575 2155; x_wconf 82' lang='lat' dir='ltr'><strong>capsula</strong></span> <span class='ocrx_word' id='word_1_92' title='bbox 1595 2096 1769 2156; x_wconf 83' lang='lat' dir='ltr'><strong>parva</strong></span> <span class='ocrx_word' id='word_1_93' title='bbox 1792 2077 1927 2156; x_wconf 86' lang='lat' dir='ltr'><strong>tegit</strong></span> <span class='ocrx_word' id='word_1_94' title='bbox 1948 2069 2068 2151; x_wconf 83' lang='lat'><strong>(2).</strong></span> 
     </span>
    </p>
   </div>
   <div class='ocr_carea' id='block_1_5' title="bbox 321 2211 2370 2539">
    <p class='ocr_par' dir='ltr' id='par_1_5' title="bbox 321 2211 2370 2539">
     <span class='ocr_line' id='line_1_15' title="bbox 322 2211 2370 2301; baseline 0 -26"><span class='ocrx_word' id='word_1_95' title='bbox 322 2211 404 2274; x_wconf 87' lang='lat' dir='ltr'><strong>Et</strong></span> <span class='ocrx_word' id='word_1_96' title='bbox 421 2233 599 2294; x_wconf 85' lang='lat' dir='ltr'><strong>sane,</strong></span> <span class='ocrx_word' id='word_1_97' title='bbox 625 2234 820 2299; x_wconf 87' lang='lat' dir='ltr'><strong>quum</strong></span> <span class='ocrx_word' id='word_1_98' title='bbox 846 2212 1057 2277; x_wconf 89' lang='lat' dir='ltr'><strong>multis</strong></span> <span class='ocrx_word' id='word_1_99' title='bbox 1078 2214 1256 2277; x_wconf 89' lang='lat' dir='ltr'><strong>annis</strong></span> <span class='ocrx_word' id='word_1_100' title='bbox 1279 2230 1427 2301; x_wconf 86' lang='lat' dir='ltr'><strong>post</strong></span> <span class='ocrx_word' id='word_1_101' title='bbox 1452 2237 1577 2277; x_wconf 85' lang='lat' dir='ltr'><strong>una</strong></span> <span class='ocrx_word' id='word_1_102' title='bbox 1598 2236 1745 2277; x_wconf 89' lang='lat' dir='ltr'><strong>cum</strong></span> <span class='ocrx_word' id='word_1_103' title='bbox 1770 2214 2145 2300; x_wconf 88' lang='lat' dir='ltr'><strong>incorrupto</strong></span> <span class='ocrx_word' id='word_1_104' title='bbox 2168 2211 2370 2276; x_wconf 83' lang='lat' dir='ltr'><strong>Patris</strong></span> 
     </span>
     <span class='ocr_line' id='line_1_16' title="bbox 322 2330 2369 2420; baseline 0.002 -29"><span class='ocrx_word' id='word_1_105' title='bbox 322 2351 696 2393; x_wconf 73' lang='lat' dir='ltr'><strong>curnnaan</strong></span> <span class='ocrx_word' id='word_1_106' title='bbox 738 2352 1015 2417; x_wconf 84' lang='lat' dir='ltr'><strong>corpore</strong></span> <span class='ocrx_word' id='word_1_107' title='bbox 1060 2331 1182 2395; x_wconf 86' lang='lat' dir='ltr'><strong>alia</strong></span> <span class='ocrx_word' id='word_1_108' title='bbox 1218 2332 1478 2420; x_wconf 89' lang='lat' dir='ltr'><strong>insuper</strong></span> <span class='ocrx_word' id='word_1_109' title='bbox 1516 2332 1583 2394; x_wconf 89' lang='lat' dir='ltr'><strong>in</strong></span> <span class='ocrx_word' id='word_1_110' title='bbox 1629 2353 1818 2395; x_wconf 84' lang='lat' dir='ltr'><strong>sacco</strong></span> <span class='ocrx_word' id='word_1_111' title='bbox 1864 2330 2062 2395; x_wconf 89' lang='lat' dir='ltr'><strong>linteo</strong></span> <span class='ocrx_word' id='word_1_112' title='bbox 2103 2354 2242 2395; x_wconf 83' lang='lat' dir='ltr'><strong>ossa</strong></span> <span class='ocrx_word' id='word_1_113' title='bbox 2270 2355 2369 2396; x_wconf 88' lang='lat' dir='ltr'><strong>re-</strong></span> 
     </span>
     <span class='ocr_line' id='line_1_17' title="bbox 321 2445 2365 2539; baseline 0.002 -30"><span class='ocrx_word' id='word_1_114' title='bbox 321 2445 682 2533; x_wconf 79' lang='lat' dir='ltr'><strong>perirentur</strong></span> <span class='ocrx_word' id='word_1_115' title='bbox 701 2494 720 2530; x_wconf 87' lang='lat'>,</span> <span class='ocrx_word' id='word_1_116' title='bbox 785 2447 992 2514; x_wconf 90' lang='lat' dir='ltr'><strong>nullus</strong></span> <span class='ocrx_word' id='word_1_117' title='bbox 1051 2447 1385 2513; x_wconf 86' lang='lat' dir='ltr'><strong>dubitandi</strong></span> <span class='ocrx_word' id='word_1_118' title='bbox 1443 2449 1625 2515; x_wconf 86' lang='lat' dir='ltr'><strong>locus</strong></span> <span class='ocrx_word' id='word_1_119' title='bbox 1681 2450 1848 2513; x_wconf 87' lang='lat' dir='ltr'><strong>illius</strong></span> <span class='ocrx_word' id='word_1_120' title='bbox 1901 2452 2208 2539; x_wconf 88' lang='lat' dir='ltr'><strong>temporis</strong></span> <span class='ocrx_word' id='word_1_121' title='bbox 2265 2474 2365 2514; x_wconf 90' lang='lat' dir='ltr'><strong>su-</strong></span> 
     </span>
    </p>
   </div>
   <div class='ocr_carea' id='block_1_6' title="bbox 392 2721 2369 4290">
    <p class='ocr_par' dir='ltr' id='par_1_6' title="bbox 523 2721 2368 3870">
     <span class='ocr_line' id='line_1_18' title="bbox 533 2721 2368 2790; baseline -0.002 -15"><span class='ocrx_word' id='word_1_122' title='bbox 533 2735 670 2776; x_wconf 80' lang='lat' dir='ltr'><strong>tenta</strong></span> <span class='ocrx_word' id='word_1_123' title='bbox 700 2736 751 2776; x_wconf 84' lang='lat' dir='ltr'><strong>et</strong></span> <span class='ocrx_word' id='word_1_124' title='bbox 777 2725 1021 2776; x_wconf 84' lang='lat' dir='ltr'><strong>miracula</strong></span> <span class='ocrx_word' id='word_1_125' title='bbox 1053 2726 1110 2774; x_wconf 89' lang='lat' dir='ltr'><strong>in</strong></span> <span class='ocrx_word' id='word_1_126' title='bbox 1138 2723 1493 2774; x_wconf 83' lang='lat' dir='ltr'><strong>transferendo</strong></span> <span class='ocrx_word' id='word_1_127' title='bbox 1507 2722 1667 2790; x_wconf 86' lang='lat' dir='ltr'><strong>hujus</strong></span> <span class='ocrx_word' id='word_1_128' title='bbox 1684 2737 1971 2772; x_wconf 66' lang='lat' dir='ltr'><strong>curuata-rx</strong></span> <span class='ocrx_word' id='word_1_129' title='bbox 1989 2739 2197 2789; x_wconf 83' lang='lat' dir='ltr'><strong>corpore</strong></span> <span class='ocrx_word' id='word_1_130' title='bbox 2218 2757 2232 2784; x_wconf 94' lang='lat'>,</span> <span class='ocrx_word' id='word_1_131' title='bbox 2264 2721 2368 2790; x_wconf 81' lang='lat' dir='ltr'><strong>legi</strong></span> 
     </span>
     <span class='ocr_line' id='line_1_19' title="bbox 530 2803 2366 2875; baseline 0.001 -19"><span class='ocrx_word' id='word_1_132' title='bbox 530 2818 746 2874; x_wconf 78' lang='lat' dir='ltr'><strong>possunt</strong></span> <span class='ocrx_word' id='word_1_133' title='bbox 773 2808 912 2875; x_wconf 77' lang='lat' dir='ltr'><strong>apud</strong></span> <span class='ocrx_word' id='word_1_134' title='bbox 938 2818 1195 2856; x_wconf 70' lang='lat' dir='ltr'><strong>sunnon!</strong></span> <span class='ocrx_word' id='word_1_135' title='bbox 1222 2805 1475 2855; x_wconf 78' lang='lat' dir='ltr'><strong>Dunelm.</strong></span> <span class='ocrx_word' id='word_1_136' title='bbox 1501 2804 1619 2853; x_wconf 88' lang='lat' dir='ltr'><strong>Lib.</strong></span> <span class='ocrx_word' id='word_1_137' title='bbox 1636 2803 1728 2853; x_wconf 86' lang='lat'>111.</span> <span class='ocrx_word' id='word_1_138' title='bbox 1743 2821 1856 2871; x_wconf 83' lang='lat' dir='ltr'><strong>cap.</strong></span> <span class='ocrx_word' id='word_1_139' title='bbox 1873 2804 1942 2867; x_wconf 78' lang='lat' dir='ltr'><strong>L,</strong></span> <span class='ocrx_word' id='word_1_140' title='bbox 1970 2806 2120 2874; x_wconf 85' lang='lat' dir='ltr'><strong>cujus</strong></span> <span class='ocrx_word' id='word_1_141' title='bbox 2148 2806 2366 2857; x_wconf 78' lang='lat' dir='ltr'><strong>narratio</strong></span> 
     </span>
     <span class='ocr_line' id='line_1_20' title="bbox 528 2886 2363 2955; baseline 0.002 -20"><span class='ocrx_word' id='word_1_142' title='bbox 528 2887 631 2937; x_wconf 89' lang='lat' dir='ltr'><strong>huc</strong></span> <span class='ocrx_word' id='word_1_143' title='bbox 672 2888 827 2939; x_wconf 89' lang='lat' dir='ltr'><strong>redit.</strong></span> <span class='ocrx_word' id='word_1_144' title='bbox 870 2901 1132 2940; x_wconf 71' lang='lat' dir='ltr'><strong>nouum!</strong></span> <span class='ocrx_word' id='word_1_145' title='bbox 1180 2886 1497 2955; x_wconf 77' lang='lat' dir='ltr'><strong>Episcopum</strong></span> <span class='ocrx_word' id='word_1_146' title='bbox 1517 2924 1532 2951; x_wconf 90' lang='lat'>‚</span> <span class='ocrx_word' id='word_1_147' title='bbox 1578 2886 1789 2938; x_wconf 85' lang='lat' dir='ltr'><strong>coelesti</strong></span> <span class='ocrx_word' id='word_1_148' title='bbox 1826 2889 2085 2938; x_wconf 88' lang='lat' dir='ltr'><strong>monitum</strong></span> <span class='ocrx_word' id='word_1_149' title='bbox 2122 2888 2324 2938; x_wconf 83' lang='lat' dir='ltr'><strong>oraculo</strong></span> <span class='ocrx_word' id='word_1_150' title='bbox 2346 2926 2363 2950; x_wconf 86' lang='lat'>,</span> 
     </span>
     <span class='ocr_line' id='line_1_21' title="bbox 527 2970 2367 3041; baseline -0.002 -19"><span class='ocrx_word' id='word_1_151' title='bbox 527 2989 711 3041; x_wconf 87' lang='lat' dir='ltr'><strong>corpus</strong></span> <span class='ocrx_word' id='word_1_152' title='bbox 753 2971 886 3022; x_wconf 85' lang='lat' dir='ltr'><strong>illud</strong></span> <span class='ocrx_word' id='word_1_153' title='bbox 907 3008 923 3035; x_wconf 91' lang='lat'>,</span> <span class='ocrx_word' id='word_1_154' title='bbox 973 2970 1112 3038; x_wconf 87' lang='lat' dir='ltr'><strong>quod</strong></span> <span class='ocrx_word' id='word_1_155' title='bbox 1157 2972 1442 3022; x_wconf 82' lang='lat' dir='ltr'><strong>centesimo</strong></span> <span class='ocrx_word' id='word_1_156' title='bbox 1484 2971 1690 3021; x_wconf 85' lang='lat' dir='ltr'><strong>decimo</strong></span> <span class='ocrx_word' id='word_1_157' title='bbox 1726 2974 1877 3022; x_wconf 84' lang='lat' dir='ltr'><strong>tertio</strong></span> <span class='ocrx_word' id='word_1_158' title='bbox 1905 2981 2020 3039; x_wconf 87' lang='lat' dir='ltr'><strong>post</strong></span> <span class='ocrx_word' id='word_1_159' title='bbox 2049 2970 2367 3039; x_wconf 79' lang='lat' dir='ltr'><strong>sepulturam</strong></span> 
     </span>
     <span class='ocr_line' id='line_1_22' title="bbox 528 3054 2368 3123; baseline 0 -19"><span class='ocrx_word' id='word_1_160' title='bbox 528 3073 664 3105; x_wconf 88' lang='lat' dir='ltr'><strong>anno</strong></span> <span class='ocrx_word' id='word_1_161' title='bbox 709 3057 1066 3123; x_wconf 84' lang='lat' dir='ltr'><strong>incorruptum</strong></span> <span class='ocrx_word' id='word_1_162' title='bbox 1116 3054 1403 3105; x_wconf 76' lang='lat' dir='ltr'><strong>invenisset</strong></span> <span class='ocrx_word' id='word_1_163' title='bbox 1421 3091 1437 3118; x_wconf 91' lang='lat'>,</span> <span class='ocrx_word' id='word_1_164' title='bbox 1490 3057 1772 3122; x_wconf 70' lang='lat' dir='ltr'><strong>piratarum</strong></span> <span class='ocrx_word' id='word_1_165' title='bbox 1820 3055 1978 3106; x_wconf 85' lang='lat' dir='ltr'><strong>furori</strong></span> <span class='ocrx_word' id='word_1_166' title='bbox 2024 3054 2368 3109; x_wconf 80' lang='lat' dir='ltr'><strong>auferendum</strong></span> 
     </span>
     <span class='ocr_line' id='line_1_23' title="bbox 526 3137 2363 3206; baseline 0.001 -18"><span class='ocrx_word' id='word_1_167' title='bbox 526 3154 639 3188; x_wconf 76' lang='lat' dir='ltr'><strong>esse</strong></span> <span class='ocrx_word' id='word_1_168' title='bbox 681 3139 1023 3188; x_wconf 74' lang='lat' dir='ltr'><strong>existimasse.</strong></span> <span class='ocrx_word' id='word_1_169' title='bbox 1095 3137 1201 3189; x_wconf 85' lang='lat' dir='ltr'><strong>Hoc</strong></span> <span class='ocrx_word' id='word_1_170' title='bbox 1242 3148 1415 3188; x_wconf 83' lang='lat' dir='ltr'><strong>autem</strong></span> <span class='ocrx_word' id='word_1_171' title='bbox 1444 3148 1710 3206; x_wconf 87' lang='lat' dir='ltr'><strong>peractum</strong></span> <span class='ocrx_word' id='word_1_172' title='bbox 1738 3155 1852 3189; x_wconf 78' lang='lat' dir='ltr'><strong>esse</strong></span> <span class='ocrx_word' id='word_1_173' title='bbox 1876 3155 2062 3204; x_wconf 76' lang='lat' dir='ltr'><strong>magna</strong></span> <span class='ocrx_word' id='word_1_174' title='bbox 2086 3138 2363 3189; x_wconf 87' lang='lat' dir='ltr'><strong>hominum</strong></span> 
     </span>
     <span class='ocr_line' id='line_1_24' title="bbox 523 3219 2363 3288; baseline 0.001 -18"><span class='ocrx_word' id='word_1_175' title='bbox 523 3222 800 3271; x_wconf 85' lang='lat' dir='ltr'><strong>comitante</strong></span> <span class='ocrx_word' id='word_1_176' title='bbox 829 3219 1188 3283; x_wconf 84' lang='lat' dir='ltr'><strong>multitudine,</strong></span> <span class='ocrx_word' id='word_1_177' title='bbox 1219 3237 1440 3288; x_wconf 88' lang='lat' dir='ltr'><strong>quorum</strong></span> <span class='ocrx_word' id='word_1_178' title='bbox 1469 3239 1627 3272; x_wconf 89' lang='lat' dir='ltr'><strong>nemo</strong></span> <span class='ocrx_word' id='word_1_179' title='bbox 1655 3223 1715 3272; x_wconf 88' lang='lat' dir='ltr'><strong>in</strong></span> <span class='ocrx_word' id='word_1_180' title='bbox 1743 3223 1931 3273; x_wconf 86' lang='lat' dir='ltr'><strong>itinere</strong></span> <span class='ocrx_word' id='word_1_181' title='bbox 1961 3221 2066 3273; x_wconf 82' lang='lat' dir='ltr'><strong>ulla</strong></span> <span class='ocrx_word' id='word_1_182' title='bbox 2095 3220 2363 3272; x_wconf 80' lang='lat' dir='ltr'><strong>debilitate</strong></span> 
     </span>
     <span class='ocr_line' id='line_1_25' title="bbox 524 3302 2367 3374; baseline 0.001 -21"><span class='ocrx_word' id='word_1_183' title='bbox 524 3302 881 3372; x_wconf 80' lang='lat' dir='ltr'><strong>adfligeretur.</strong></span> <span class='ocrx_word' id='word_1_184' title='bbox 933 3303 1051 3354; x_wconf 82' lang='lat' dir='ltr'><strong>Post</strong></span> <span class='ocrx_word' id='word_1_185' title='bbox 1089 3320 1300 3355; x_wconf 88' lang='lat' dir='ltr'><strong>meuses</strong></span> <span class='ocrx_word' id='word_1_186' title='bbox 1334 3322 1454 3355; x_wconf 74' lang='lat' dir='ltr'><strong>vero</strong></span> <span class='ocrx_word' id='word_1_187' title='bbox 1483 3305 1682 3372; x_wconf 78' lang='lat' dir='ltr'><strong>aliquot</strong></span> <span class='ocrx_word' id='word_1_188' title='bbox 1699 3341 1715 3367; x_wconf 90' lang='lat'>,</span> <span class='ocrx_word' id='word_1_189' title='bbox 1756 3322 1921 3372; x_wconf 87' lang='lat' dir='ltr'><strong>quum</strong></span> <span class='ocrx_word' id='word_1_190' title='bbox 1947 3322 2135 3374; x_wconf 82' lang='lat' dir='ltr'><strong>eorpus</strong></span> <span class='ocrx_word' id='word_1_191' title='bbox 2161 3306 2217 3354; x_wconf 90' lang='lat' dir='ltr'><strong>in</strong></span> <span class='ocrx_word' id='word_1_192' title='bbox 2246 3306 2367 3373; x_wconf 87' lang='lat' dir='ltr'><strong>pri-</strong></span> 
     </span>
     <span class='ocr_line' id='line_1_26' title="bbox 528 3386 2364 3456; baseline 0.003 -21"><span class='ocrx_word' id='word_1_193' title='bbox 528 3389 724 3436; x_wconf 71' lang='lat' dir='ltr'><strong>atinum</strong></span> <span class='ocrx_word' id='word_1_194' title='bbox 750 3386 926 3436; x_wconf 88' lang='lat' dir='ltr'><strong>locum</strong></span> <span class='ocrx_word' id='word_1_195' title='bbox 953 3397 1211 3454; x_wconf 85' lang='lat' dir='ltr'><strong>reportare</strong></span> <span class='ocrx_word' id='word_1_196' title='bbox 1238 3389 1411 3438; x_wconf 70' lang='lat' dir='ltr'><strong>visum</strong></span> <span class='ocrx_word' id='word_1_197' title='bbox 1439 3400 1575 3439; x_wconf 79' lang='lat' dir='ltr'><strong>essct</strong></span> <span class='ocrx_word' id='word_1_198' title='bbox 1594 3425 1611 3451; x_wconf 91' lang='lat'>‚</span> <span class='ocrx_word' id='word_1_199' title='bbox 1649 3390 1713 3438; x_wconf 86' lang='lat' dir='ltr'><strong>ad</strong></span> <span class='ocrx_word' id='word_1_200' title='bbox 1741 3389 2042 3439; x_wconf 76' lang='lat' dir='ltr'><strong>vehiculum</strong></span> <span class='ocrx_word' id='word_1_201' title='bbox 2062 3425 2078 3451; x_wconf 85' lang='lat'>‚</span> <span class='ocrx_word' id='word_1_202' title='bbox 2117 3407 2220 3456; x_wconf 91' lang='lat' dir='ltr'><strong>quo</strong></span> <span class='ocrx_word' id='word_1_203' title='bbox 2250 3390 2364 3441; x_wconf 85' lang='lat' dir='ltr'><strong>fer-</strong></span> 
     </span>
     <span class='ocr_line' id='line_1_27' title="bbox 526 3467 2364 3533; baseline 0.002 -13"><span class='ocrx_word' id='word_1_204' title='bbox 526 3479 665 3520; x_wconf 86' lang='lat' dir='ltr'><strong>retur</strong></span> <span class='ocrx_word' id='word_1_205' title='bbox 683 3505 700 3531; x_wconf 91' lang='lat'>,</span> <span class='ocrx_word' id='word_1_206' title='bbox 737 3467 1056 3519; x_wconf 82' lang='lat' dir='ltr'><strong>movendum</strong></span> <span class='ocrx_word' id='word_1_207' title='bbox 1083 3468 1283 3519; x_wconf 78' lang='lat' dir='ltr'><strong>nullam</strong></span> <span class='ocrx_word' id='word_1_208' title='bbox 1311 3471 1418 3521; x_wconf 76' lang='lat' dir='ltr'><strong>vim</strong></span> <span class='ocrx_word' id='word_1_209' title='bbox 1440 3508 1455 3533; x_wconf 88' lang='lat'>‚</span> <span class='ocrx_word' id='word_1_210' title='bbox 1495 3471 1700 3521; x_wconf 84' lang='lat' dir='ltr'><strong>nullum</strong></span> <span class='ocrx_word' id='word_1_211' title='bbox 1729 3471 1959 3524; x_wconf 86' lang='lat' dir='ltr'><strong>laborem</strong></span> <span class='ocrx_word' id='word_1_212' title='bbox 1984 3473 2205 3523; x_wconf 76' lang='lat' dir='ltr'><strong>valuisse</strong></span> <span class='ocrx_word' id='word_1_213' title='bbox 2227 3492 2238 3522; x_wconf 73' lang='grc' dir='ltr'>ε</span> <span class='ocrx_word' id='word_1_214' title='bbox 2272 3473 2364 3523; x_wconf 82' lang='lat' dir='ltr'><strong>sed</strong></span> 
     </span>
     <span class='ocr_line' id='line_1_28' title="bbox 525 3551 2363 3620; baseline 0.003 -18"><span class='ocrx_word' id='word_1_215' title='bbox 525 3553 812 3620; x_wconf 83' lang='lat' dir='ltr'><strong>incorrupti</strong></span> <span class='ocrx_word' id='word_1_216' title='bbox 856 3552 1083 3620; x_wconf 85' lang='lat' dir='ltr'><strong>corporis</strong></span> <span class='ocrx_word' id='word_1_217' title='bbox 1123 3551 1329 3602; x_wconf 83' lang='lat' dir='ltr'><strong>thecam</strong></span> <span class='ocrx_word' id='word_1_218' title='bbox 1373 3553 1536 3604; x_wconf 77' lang='lat' dir='ltr'><strong>veluti</strong></span> <span class='ocrx_word' id='word_1_219' title='bbox 1580 3565 1812 3606; x_wconf 87' lang='lat' dir='ltr'><strong>montem</strong></span> <span class='ocrx_word' id='word_1_220' title='bbox 1850 3556 2048 3607; x_wconf 76' lang='lat' dir='ltr'><strong>stetisse</strong></span> <span class='ocrx_word' id='word_1_221' title='bbox 2076 3556 2363 3608; x_wconf 80' lang='lat' dir='ltr'><strong>immotam.</strong></span> 
     </span>
     <span class='ocr_line' id='line_1_29' title="bbox 523 3635 2363 3704; baseline 0.002 -18"><span class='ocrx_word' id='word_1_222' title='bbox 523 3635 675 3686; x_wconf 86' lang='lat' dir='ltr'><strong>Nunc</strong></span> <span class='ocrx_word' id='word_1_223' title='bbox 720 3635 851 3703; x_wconf 83' lang='lat' dir='ltr'><strong>quid</strong></span> <span class='ocrx_word' id='word_1_224' title='bbox 893 3635 1193 3686; x_wconf 82' lang='lat' dir='ltr'><strong>faciendum</strong></span> <span class='ocrx_word' id='word_1_225' title='bbox 1235 3647 1401 3700; x_wconf 85' lang='lat' dir='ltr'><strong>esset,</strong></span> <span class='ocrx_word' id='word_1_226' title='bbox 1453 3636 1643 3689; x_wconf 85' lang='lat' dir='ltr'><strong>dubios</strong></span> <span class='ocrx_word' id='word_1_227' title='bbox 1677 3637 1910 3691; x_wconf 75' lang='lat' dir='ltr'><strong>haesisse</strong></span> <span class='ocrx_word' id='word_1_228' title='bbox 1953 3654 2164 3704; x_wconf 78' lang='lat' dir='ltr'><strong>omnes;</strong></span> <span class='ocrx_word' id='word_1_229' title='bbox 2197 3637 2363 3689; x_wconf 88' lang='lat' dir='ltr'><strong>donec</strong></span> 
     </span>
     <span class='ocr_line' id='line_1_30' title="bbox 525 3718 2361 3790; baseline 0.002 -23"><span class='ocrx_word' id='word_1_230' title='bbox 525 3732 752 3769; x_wconf 54' lang='lat' dir='ltr'><strong>rannac</strong></span> <span class='ocrx_word' id='word_1_231' title='bbox 771 3755 787 3782; x_wconf 91' lang='lat'>,</span> <span class='ocrx_word' id='word_1_232' title='bbox 826 3733 1043 3786; x_wconf 78' lang='lat' dir='ltr'><strong>magnae</strong></span> <span class='ocrx_word' id='word_1_233' title='bbox 1075 3718 1282 3784; x_wconf 81' lang='lat' dir='ltr'><strong>pietatis</strong></span> <span class='ocrx_word' id='word_1_234' title='bbox 1309 3720 1418 3770; x_wconf 81' lang='lat' dir='ltr'><strong>viro</strong></span> <span class='ocrx_word' id='word_1_235' title='bbox 1440 3756 1454 3783; x_wconf 91' lang='lat'>‚</span> <span class='ocrx_word' id='word_1_236' title='bbox 1488 3720 1790 3788; x_wconf 82' lang='lat' dir='ltr'><strong>patefieret,</strong></span> <span class='ocrx_word' id='word_1_237' title='bbox 1817 3738 2072 3790; x_wconf 79' lang='lat' dir='ltr'><strong>nusquam</strong></span> <span class='ocrx_word' id='word_1_238' title='bbox 2100 3720 2225 3772; x_wconf 88' lang='lat' dir='ltr'><strong>alibi</strong></span> <span class='ocrx_word' id='word_1_239' title='bbox 2256 3723 2361 3772; x_wconf 86' lang='lat' dir='ltr'><strong>nisi</strong></span> 
     </span>
     <span class='ocr_line' id='line_1_31' title="bbox 528 3800 1756 3870; baseline 0.002 -18"><span class='ocrx_word' id='word_1_240' title='bbox 528 3803 783 3853; x_wconf 77' lang='lat' dir='ltr'><strong>Dunelmi</strong></span> <span class='ocrx_word' id='word_1_241' title='bbox 807 3803 1008 3870; x_wconf 85' lang='lat' dir='ltr'><strong>corpori</strong></span> <span class='ocrx_word' id='word_1_242' title='bbox 1041 3811 1214 3852; x_wconf 83' lang='lat' dir='ltr'><strong>sancto</strong></span> <span class='ocrx_word' id='word_1_243' title='bbox 1240 3800 1415 3852; x_wconf 87' lang='lat' dir='ltr'><strong>locum</strong></span> <span class='ocrx_word' id='word_1_244' title='bbox 1444 3820 1596 3853; x_wconf 84' lang='lat' dir='ltr'><strong>suum</strong></span> <span class='ocrx_word' id='word_1_245' title='bbox 1625 3821 1756 3855; x_wconf 85' lang='lat' dir='ltr'><strong>esse.</strong></span> 
     </span>
    </p>

    <p class='ocr_par' dir='ltr' id='par_1_7' title="bbox 395 3885 2369 4120">
     <span class='ocr_line' id='line_1_32' title="bbox 395 3885 2361 3954; baseline -0.001 -16"><span class='ocrx_word' id='word_1_246' title='bbox 395 3885 479 3954; x_wconf 88' lang='lat'><strong>(1)</strong></span> <span class='ocrx_word' id='word_1_247' title='bbox 525 3886 587 3934; x_wconf 83' lang='lat' dir='ltr'><strong>Is</strong></span> <span class='ocrx_word' id='word_1_248' title='bbox 630 3887 768 3936; x_wconf 80' lang='lat' dir='ltr'><strong>there</strong></span> <span class='ocrx_word' id='word_1_249' title='bbox 810 3887 929 3934; x_wconf 83' lang='lat' dir='ltr'><strong>inne</strong></span> <span class='ocrx_word' id='word_1_250' title='bbox 957 3886 1067 3934; x_wconf 78' lang='lat' dir='ltr'><strong>mid</strong></span> <span class='ocrx_word' id='word_1_251' title='bbox 1100 3887 1261 3935; x_wconf 80' lang='lat' dir='ltr'><strong>theom</strong></span> <span class='ocrx_word' id='word_1_252' title='bbox 1289 3914 1359 3924; x_wconf 94' lang='lat'><strong>—</strong></span> <span class='ocrx_word' id='word_1_253' title='bbox 1389 3888 1597 3939; x_wconf 81' lang='lat' dir='ltr'><strong>breoma</strong></span> <span class='ocrx_word' id='word_1_254' title='bbox 1624 3891 1807 3941; x_wconf 75' lang='lat' dir='ltr'><strong>bucera</strong></span> <span class='ocrx_word' id='word_1_255' title='bbox 1841 3904 1989 3942; x_wconf 75' lang='lat' dir='ltr'><strong>nm.</strong></span> <span class='ocrx_word' id='word_1_256' title='bbox 2061 3889 2199 3939; x_wconf 79' lang='lat' dir='ltr'><strong>«Est</strong></span> <span class='ocrx_word' id='word_1_257' title='bbox 2226 3888 2361 3938; x_wconf 86' lang='lat' dir='ltr'><strong>inibi</strong></span> 
     </span>
     <span class='ocr_line' id='line_1_33' title="bbox 524 3967 2363 4036; baseline 0.002 -18"><span class='ocrx_word' id='word_1_258' title='bbox 524 3986 647 4018; x_wconf 87' lang='lat' dir='ltr'><strong>cum</strong></span> <span class='ocrx_word' id='word_1_259' title='bbox 673 3968 781 4018; x_wconf 87' lang='lat' dir='ltr'><strong>illis</strong></span> <span class='ocrx_word' id='word_1_260' title='bbox 811 3967 1025 4019; x_wconf 86' lang='lat' dir='ltr'><strong>illustris</strong></span> <span class='ocrx_word' id='word_1_261' title='bbox 1053 3967 1280 4036; x_wconf 82' lang='lat' dir='ltr'><strong>Scriptor</strong></span> <span class='ocrx_word' id='word_1_262' title='bbox 1304 3983 1489 4019; x_wconf 70' lang='lat' dir='ltr'><strong>anm.»</strong></span> <span class='ocrx_word' id='word_1_263' title='bbox 1516 3971 1716 4025; x_wconf 61' lang='lat' dir='ltr'><strong>Sason</strong></span> <span class='ocrx_word' id='word_1_264' title='bbox 1733 3973 1980 4023; x_wconf 81' lang='lat' dir='ltr'><strong>Dunelm.</strong></span> <span class='ocrx_word' id='word_1_265' title='bbox 1998 3973 2054 4022; x_wconf 87' lang='lat' dir='ltr'><strong>in</strong></span> <span class='ocrx_word' id='word_1_266' title='bbox 2083 3970 2189 4020; x_wconf 86' lang='lat' dir='ltr'><strong>fine</strong></span> <span class='ocrx_word' id='word_1_267' title='bbox 2210 3970 2363 4022; x_wconf 82' lang='lat' dir='ltr'><strong>Vitae</strong></span> 
     </span>
     <span class='ocr_line' id='line_1_34' title="bbox 533 4050 2369 4120; baseline 0.001 -17"><span class='ocrx_word' id='word_1_268' title='bbox 533 4068 577 4105; x_wconf 84' lang='lat' dir='ltr'><strong>s.</strong></span> <span class='ocrx_word' id='word_1_269' title='bbox 607 4067 894 4104; x_wconf 70' lang='lat' dir='ltr'><strong>ournnrarx</strong></span> <span class='ocrx_word' id='word_1_270' title='bbox 927 4052 1062 4120; x_wconf 79' lang='lat' dir='ltr'><strong>apud</strong></span> <span class='ocrx_word' id='word_1_271' title='bbox 1093 4051 1157 4104; x_wconf 82' lang='lat' dir='ltr'><strong>X.</strong></span> <span class='ocrx_word' id='word_1_272' title='bbox 1191 4051 1378 4119; x_wconf 85' lang='lat' dir='ltr'><strong>Script.</strong></span> <span class='ocrx_word' id='word_1_273' title='bbox 1412 4050 1529 4103; x_wconf 88' lang='lat' dir='ltr'><strong>Col.</strong></span> <span class='ocrx_word' id='word_1_274' title='bbox 1559 4055 1647 4105; x_wconf 83' lang='lat'><strong>76.</strong></span> <span class='ocrx_word' id='word_1_275' title='bbox 1715 4054 1897 4107; x_wconf 70' lang='lat' dir='ltr'><strong>Helius</strong></span> <span class='ocrx_word' id='word_1_276' title='bbox 1940 4064 2112 4107; x_wconf 85' lang='lat' dir='ltr'><strong>autem</strong></span> <span class='ocrx_word' id='word_1_277' title='bbox 2140 4052 2369 4104; x_wconf 88' lang='lat' dir='ltr'><strong>exhibe-</strong></span> 
     </span>
    </p>

    <p class='ocr_par' dir='ltr' id='par_1_8' title="bbox 400 4135 1554 4204">
     <span class='ocr_line' id='line_1_35' title="bbox 400 4135 1554 4204; baseline -0.002 -17"><span class='ocrx_word' id='word_1_278' title='bbox 400 4174 401 4177; x_wconf 66' lang='lat'>,</span> <span class='ocrx_word' id='word_1_279' title='bbox 526 4148 610 4188; x_wconf 88' lang='lat' dir='ltr'><strong>tur</strong></span> <span class='ocrx_word' id='word_1_280' title='bbox 637 4153 845 4190; x_wconf 83' lang='lat' dir='ltr'><strong>carmen</strong></span> <span class='ocrx_word' id='word_1_281' title='bbox 886 4135 1022 4186; x_wconf 88' lang='lat' dir='ltr'><strong>illud</strong></span> <span class='ocrx_word' id='word_1_282' title='bbox 1056 4135 1120 4187; x_wconf 82' lang='lat' dir='ltr'><strong>ad</strong></span> <span class='ocrx_word' id='word_1_283' title='bbox 1147 4136 1340 4188; x_wconf 81' lang='lat' dir='ltr'><strong>calcem</strong></span> <span class='ocrx_word' id='word_1_284' title='bbox 1365 4136 1554 4204; x_wconf 87' lang='lat' dir='ltr'><strong>operis.</strong></span> 
     </span>
    </p>

    <p class='ocr_par' dir='ltr' id='par_1_9' title="bbox 392 4219 2096 4290">
     <span class='ocr_line' id='line_1_36' title="bbox 392 4219 2096 4290; baseline -0.001 -20"><span class='ocrx_word' id='word_1_285' title='bbox 392 4219 475 4287; x_wconf 81' lang='lat'><strong>(2)</strong></span> <span class='ocrx_word' id='word_1_286' title='bbox 514 4219 719 4272; x_wconf 66' lang='lat' dir='ltr'><strong>Latmo</strong></span> <span class='ocrx_word' id='word_1_287' title='bbox 755 4221 1037 4272; x_wconf 68' lang='lat' dir='ltr'><strong>Commeat.</strong></span> <span class='ocrx_word' id='word_1_288' title='bbox 1075 4221 1135 4272; x_wconf 82' lang='lat' dir='ltr'><strong>de</strong></span> <span class='ocrx_word' id='word_1_289' title='bbox 1167 4221 1362 4288; x_wconf 81' lang='lat' dir='ltr'><strong>Script.</strong></span> <span class='ocrx_word' id='word_1_290' title='bbox 1392 4221 1539 4273; x_wconf 70' lang='lat' dir='ltr'><strong>Brit.</strong></span> <span class='ocrx_word' id='word_1_291' title='bbox 1573 4238 1685 4290; x_wconf 78' lang='lat' dir='ltr'><strong>cap.</strong></span> <span class='ocrx_word' id='word_1_292' title='bbox 1718 4220 1802 4273; x_wconf 79' lang='lat'><strong>8⁷.</strong></span> <span class='ocrx_word' id='word_1_293' title='bbox 1834 4237 1950 4287; x_wconf 80' lang='lat' dir='ltr'><strong>pag.</strong></span> <span class='ocrx_word' id='word_1_294' title='bbox 1979 4220 2096 4273; x_wconf 79' lang='lat'><strong>120.</strong></span> 
     </span>
    </p>
   </div>
   <div class='ocr_carea' id='block_1_7' title="bbox 2016 4318 2108 4379">
    <p class='ocr_par' dir='ltr' id='par_1_10' title="bbox 2016 4318 2108 4379">
     <span class='ocr_line' id='line_1_37' title="bbox 2016 4318 2108 4379; baseline 0 -33"><span class='ocrx_word' id='word_1_295' title='bbox 2016 4318 2108 4379; x_wconf 43' lang='lat'><strong>3*</strong></span> 
     </span>
    </p>
   </div>
  </div>
 </body>
</html>
