2922 5195
1303 493 1419 557 101

320 667 683 732 obnoxium
713 685 901 748 esset,
952 683 1166 733 utrum
1210 693 1433 735 revera
1473 695 1511 735 a
1545 694 1711 735 mmA
1744 675 2016 760 profecti
2051 677 2210 758 sint,
2261 701 2381 743 nec

323 808 448 868 ne,
491 784 803 871 ejusmodi
833 802 1047 851 tamen
1083 803 1229 852 sunt
1263 790 1511 876 generis
1534 837 1551 871 ,
1584 805 1655 853 ut
1684 791 1882 880 magis
1916 794 2381 859 exercitationis

328 926 519 968 causa
572 927 610 967 a
667 926 834 967 unm.
880 906 1155 989 juvene,
1230 920 1336 968 aut
1390 905 1657 970 fortasse
1720 907 1915 971 etiam
1977 896 2383 997 provectiore

327 1036 537 1084 aetate
584 1021 652 1083 in
705 1044 889 1085 usum
939 1019 1259 1085 studiosae
1307 1023 1681 1107 juventutis,
1730 1047 1920 1110 quam
1954 1047 2033 1089 eo
2068 1025 2340 1090 consilio
2359 1074 2378 1108 ,

323 1153 399 1201 ut
427 1138 801 1226 posteritati,
821 1136 1220 1202 traderentur
1240 1186 1258 1220 ,
1310 1139 1529 1225 scripti
1570 1162 1704 1203 esse
1737 1138 2097 1207 videantur.
2165 1140 2383 1222 Quare

326 1278 440 1320 eos
471 1257 577 1319 vix
618 1254 930 1342 Operibus
963 1278 1172 1320 mmm
1215 1253 1619 1321 adnumerari
1651 1279 1836 1343 posse
1872 1258 2253 1340 existimem,
2289 1261 2380 1322 uti

327 1375 454 1438 hoc
485 1373 567 1437 ab
601 1374 739 1460 ipso
777 1373 970 1438 etiam
1008 1389 1270 1438 auctore
1304 1373 1545 1437 factum
1581 1396 1718 1443 non
1752 1396 1884 1438 esse
1916 1372 2211 1441 vidimus,

420 1489 774 1576 Adjicimus
818 1514 989 1555 nunc
1025 1507 1209 1557 notas
1245 1490 1551 1578 quasdam
1588 1489 1668 1556 de
1703 1490 1928 1556 ordine
1960 1507 2027 1555 et
2055 1508 2382 1580 tempore,

329 1631 459 1697 quo
501 1631 669 1673 unm
712 1608 1032 1698 scripserit
1055 1655 1074 1691 ,
1135 1609 1353 1697 prouti
1388 1607 1537 1672 illae
1573 1631 1653 1675 ex
1692 1608 1886 1696 ipsius
1922 1608 2220 1695 operibus
2254 1608 2382 1672 col-

269 1796 275 1809 „
327 1725 440 1815 ligi
483 1740 770 1814 possunt.

380 1904 383 1905 γ
420 1841 787 1906 Secundum
818 1845 952 1927 ejus
982 1842 1414 1906 narrationem
1446 1842 1640 1931 igitur
1665 1841 1957 1907 novimus
1974 1888 1992 1924 ,
2028 1865 2175 1906 eum
2206 1865 2382 1928 prae·

335 1960 520 2049 cipue
569 1976 715 2048 post
759 1960 1152 2025 tricesimum
1198 1961 1420 2023 aetatis
1467 1981 1735 2039 annum,
1788 1959 1836 2023 i.
1877 1981 1937 2024 e.
1982 1959 2066 2023 A.
2115 1980 2241 2045 701
2279 1959 2384 2024 vel

337 2099 464 2164 702
525 2076 728 2140 libros
750 2122 768 2157 ‚
833 2076 941 2162 qui
995 2076 1065 2137 in
1116 2073 1336 2139 Indice
1360 2089 1824 2143 ,memorantur
1842 2122 1862 2157 ‚
1924 2075 2377 2163 composuisse.

330 2195 419 2260 Et
438 2195 558 2282 hos
591 2192 849 2282 quidem
878 2192 1181 2281 deinceps
1206 2193 1290 2260 ab
1322 2215 1402 2258 eo
1433 2193 1708 2281 scriptos
1738 2214 1870 2257 esse
1888 2192 2273 2281 reperimus:
2297 2228 2383 2244 --

327 2431 432 2496 De
464 2431 587 2494 situ
621 2431 795 2495 urbis
828 2429 1315 2516 Ηίενοεοζγηιίε,
1350 2429 1483 2494 sive
1521 2427 1601 2493 de
1634 2428 1808 2500 locis,
1828 2428 2083 2495 sanctis.
2139 2421 2144 2425 ’

513 2547 713 2614 Paulo
777 2564 925 2637 post
990 2572 1222 2614 annum
1287 2570 1411 2637 701
1474 2546 1575 2612 vel
1640 2568 1768 2635 702
1826 2547 1934 2612 hic
2001 2545 2256 2611 libellus
2308 2568 2386 2610 ex

603 2686 948 2732 Anum-um
995 2666 1304 2752 opusculo
1350 2680 1683 2749 excerptus
1728 2685 1861 2726 esse
1896 2660 2173 2727 videtur.
2227 2660 2379 2728 Vid.

602 2805 762 2867 quae
790 2781 1149 2845 notavimus
1165 2826 1183 2861 ‚
1210 2801 1358 2869 pag.
1382 2779 1494 2865 98.
1532 2779 1858 2867 «Epitoma
1870 2826 1891 2856 ,
1929 2776 2111 2865 quod
2143 2777 2384 2856 dudum

602 2898 872 2963 strictim
905 2897 1353 2985 excerpsimus.
1369 2928 1394 2955 »
1429 2897 1600 2963 Hisc.
1622 2896 1806 2963 Eccl.
1830 2896 1975 2962 Lib.
1996 2894 2079 2960 V.
2104 2919 2248 2985 cap.
2280 2896 2379 2961 18.

331 3017 447 3081 De*
464 3015 706 3080 Natura
733 3016 998 3080 Rerum.

334 3135 438 3198 De
471 3133 927 3222 Temporibus,
962 3132 1127 3197 liber
1158 3132 1394 3196 minor.

514 3251 566 3316 F
568 3252 763 3316 initur
808 3252 1032 3338 quinto
1065 3273 1317 3316 ‘mnium
1352 3250 1468 3318 ΠΙ.
1517 3250 1927 3338 Imperatoris
1977 3269 2145 3313 anno
2168 3295 2187 3330 ,
2237 3249 2283 3312 i.
2321 3270 2381 3313 e.

603 3369 688 3432 A.
728 3388 854 3454 701
893 3367 998 3430 vel
1043 3390 1196 3454 702.
1260 3367 1395 3428 «De
1435 3365 1677 3429 Natura
1718 3366 1961 3429 Rerum
2002 3382 2068 3430 et
2110 3367 2387 3432 Ratione

606 3485 1000 3573 Temporum
1045 3482 1212 3548 duos'
1249 3480 1574 3569 quondam
1620 3483 1843 3548 stricto
1878 3505 2173 3548 sermone
2208 3484 2389 3549 libel-

602 3604 701 3667 los
728 3579 1115 3691 composui.
1134 3632 1160 3658 ν
1242 3599 1452 3665 Praef.
1513 3598 1596 3663 ad
1645 3600 1880 3665 librum
1947 3602 2258 3688 majorem
2306 3603 2387 3667 de

611 3719 1046 3809 Temporibus.
1292 3705 1297 3708 ⁵

337 3839 622 3927 Epistola
654 3838 1078 3927 Apologetica
1097 3885 1115 3919 ‚
1157 3836 1238 3900 de
1270 3859 1378 3902 sex
1412 3835 1723 3900 aetatibus
1754 3835 1974 3932 seculi.

515 3955 766 4046 Scripta
809 3970 903 4019 est
945 3978 1112 4018 anno
1155 3976 1308 4042 7⁰7·
1372 3953 1801 4041 «Opusculum
1835 3977 2051 4019 meum
2086 3951 2166 4016 de
2197 3952 2384 4017 Tem·-

604 4074 864 4161 poribus
885 4122 903 4155 ‚
952 4071 1125 4159 quod
1158 4087 1305 4136 ante
1349 4071 1850 4157 quinquennium
1888 4070 2081 4135 edidi.
2100 4102 2125 4127 »
2170 4072 2380 4159 Epist.

602 4191 870 4277 Apolog.
907 4215 972 4278 p.
1011 4196 1135 4269 242
1173 4189 1343 4265 Edit,
1380 4211 1734 4257 wnAn'rou.
