2922 5195
1308 475 1388 538 13

332 664 447 727 tati
480 680 617 726 non
645 655 947 723 inviderit
980 656 1098 746 (1).
1172 655 1280 720 Sic
1309 656 1503 745 igitur
1532 670 1777 720 narrat:
1829 656 2180 720 «Cunctum
2211 659 2380 724 vitae

244 754 273 777 ι
331 795 582 866 tempus
648 777 716 840 in
783 774 1066 862 ejusdem
1128 775 1497 837 monasterii
1575 773 1973 838 habitatione
2037 797 2344 864 peragens
2361 823 2381 859 ,

338 918 595 958 omnem
617 891 1000 957 meditandis
1014 892 1357 980 Scripturis
1385 913 1651 979 operam
1670 888 1844 972 dedi3
1873 906 2062 977 atque
2084 892 2252 956 inter
2269 894 2381 957 ob-

336 1013 716 1077 servantiam
761 1009 1134 1097 disciplinae
1177 1007 1480 1097 regularis
1516 1024 1580 1071 et
1618 1006 2053 1094 quotidianam
2085 1008 2383 1073 cantandi

331 1128 401 1192 in
436 1129 706 1193 ecclesia
739 1149 957 1191 curam
974 1172 994 1207 ‚
1042 1147 1291 1213 semper
1327 1139 1435 1188 aut
1480 1123 1723 1189 discere
1739 1173 1758 1207 ‚
1806 1140 1915 1188 aut
1961 1123 2199 1191 docere
2217 1173 2238 1209 ,
2275 1143 2385 1191 aut

335 1246 617 1310 scribere
666 1242 854 1307 dulce
902 1244 1122 1308 habui.
1215 1242 1278 1305 N
1280 1264 1410 1307 ono
1461 1240 1717 1306 decimo
1762 1258 1974 1307 autem
2007 1245 2174 1308 vitae
2202 1268 2384 1310 meae

336 1385 508 1427 anno
538 1362 999 1443 Diaconatum‚
1032 1360 1357 1424 tricesimo
1386 1357 1655 1449 gradum
1677 1359 2184 1448 PresbyteratuS,
2221 1360 2292 1449 (i.
2322 1385 2382 1428 e.

337 1482 424 1546 A.
456 1481 582 1566 691
610 1497 675 1544 et
707 1502 834 1568 702
857 1478 905 1566 ‚)
934 1495 1270 1566 utrumque
1302 1502 1419 1566 per
1449 1478 1874 1543 ministerium
1896 1480 2386 1545 reverentissimi

341 1599 645 1686 Episcopi
684 1619 953 1662 sosimus
972 1645 990 1679 ‚
1039 1598 1301 1682 jubente
1352 1619 1720 1661 cnomuuno
1768 1598 2025 1662 Abbate
2044 1645 2062 1680 ‚
2110 1601 2382 1687 suscepi.

346 1716 443 1779 Ex
477 1738 604 1803 quo
650 1731 947 1804 tempore
980 1715 1228 1803 accepti
1268 1715 1749 1803 Presbyteratus
1791 1738 1990 1802 usque
2026 1714 2108 1780 ad
2151 1739 2389 1782 annum

345 1834 570 1898 aetatis
616 1855 800 1897 meae
845 1832 1436 1921 quinquagesimum
1475 1854 1719 1896 nonum
1740 1879 1759 1913 ‚
1806 1832 1967 1897 haec
1997 1833 2069 1896 in
2113 1832 2393 1922 Scriptu-

343 1973 484 2015 ram
528 1949 833 2019 Sanctam
883 1972 1065 2015 meae
1112 1971 1531 2035 meorumque
1566 1950 1924 2014 necessitati
1962 1973 2041 2016 ex
2071 1952 2392 2038 opusculis

344 2066 822 2133 venerabilium
868 2067 1131 2131 Patrum
1173 2067 1452 2131 breviter
1499 2064 1809 2132 adnotare
1825 2113 1844 2149 ‚
1892 2068 2024 2133 sive
2065 2070 2259 2133 etiam
2306 2068 2393 2133 ad

346 2184 623 2249 formam
671 2208 887 2250 sensus
943 2201 1009 2249 et
1056 2186 1600 2273 interpretationis
1656 2162 1879 2250 eorum
1930 2185 2394 2275 superadjicere

349 2303 601 2366 curavi·
643 2300 761 2391 (2).
866 2302 1044 2366 Haec
1091 2303 1243 2390 ipsis
1285 2310 1495 2365 mmm
1534 2302 1745 2366 verbis
1782 2302 2022 2368 referre
2059 2303 2217 2368 mihi
2254 2305 2394 2393 pla-

353 2418 519 2500 cuit,
571 2416 652 2482 de
692 2420 825 2504 ejus
865 2418 1168 2506 operibus
1199 2433 1265 2484 et
1296 2416 1605 2483 industria
1637 2419 1804 2484 infra
1831 2420 2218 2487 notabimus.
2301 2421 2399 2486 Ex

344 2536 456 2603 illa
523 2552 733 2602 autern
810 2536 1178 2602 narratione
1245 2537 1394 2602 satis
1450 2537 1854 2603 manifesttun
1916 2560 2049 2604 esse
2104 2537 2392 2623 videtur,

348 2679 569 2723 mmm
597 2656 837 2722 nullam
876 2655 1013 2720 fere
1046 2671 1194 2720 ante
1239 2655 1633 2745 trigesimum
1676 2657 1896 2720 aetatis
1940 2642 2176 2719 annum
2220 2657 2398 2720 libris

347 2772 822 2837 conscribendis
871 2794 1136 2859 operam
1181 2770 1452 2835 dedisse.
1547 2773 1853 2835 Attamen
1893 2770 2157 2856 juvenili
2189 2786 2396 2837 aetate

342 2892 479 2975 jam
508 2890 748 2979 ingenii
779 2911 901 2954 nec
931 2888 1140 2953 minus
1174 2889 1634 2953 sanctimoniae
1661 2886 1914 2953 laudem
1940 2887 2184 2954 habuit.
2260 2889 2396 2955 Un-

347 3006 737 3073 devicesimo
772 3007 943 3072 enim
960 3055 978 3088 ‚
1025 3021 1098 3071 ut
1126 3005 1431 3088 vidimus,
1480 3006 1701 3070 aetatis
1731 3028 1900 3070 anno
1920 3008 2054 3091 jam
2090 3004 2397 3072 diaeonus

350 3124 679 3190 ordinatus
724 3140 817 3189 est
834 3172 853 3206 ‚
922 3124 1206 3210 quamvis
1257 3144 1535 3187 canones
1589 3122 2111 3210 praescribebant
2163 3147 2400 3188 annum

349 3244 722 3332 vigesimum
761 3242 1089 3329 quintum:
1141 3256 1206 3305 et
1251 3241 1459 3305 nullus
1493 3240 1856 3328 exceptioni
1887 3239 2070 3304 locus
2099 3238 2406 3327 dabatur,

347 3360 470 3423 nisi
520 3361 606 3422 ob
655 3358 979 3423 insolitam
1024 3360 1480 3447 praestantiam
1532 3380 1756 3421 eorum
1772 3404 1789 3438 ,
1850 3359 1958 3443 qui
2008 3356 2400 3423 ordinandos

351 3495 420 3539 se
466 3476 772 3539 sistebant
811 3473 928 3561 (3).
1023 3474 1291 3538 Abbatis
1335 3466 1557 3536 autem
1608 3471 1895 3535 officium
1949 3495 2070 3560 pro
2126 3495 2359 3562 magno
2377 3522 2398 3559 ,

352 3615 480 3680 quo
531 3590 840 3681 flagrabat
856 3637 875 3673 ‚
932 3589 1187 3682 legendi
1239 3587 1692 3676 scribendique
1746 3611 1966 3654 amore
2022 3590 2401 3657 recusavisse

352 3708 620 3794 dicitur,
665 3732 749 3775 ne
768 3756 790 3793 ‚
840 3710 1007 3774 curis
1035 3710 1131 3774 rei
1164 3708 1492 3773 familiaris
1523 3705 1857 3772 distractus
1878 3756 1896 3791 ‚
1946 3706 2166 3774 studiis
2195 3710 2403 3775 minus

434 4027 519 4096 (1)
560 4027 646 4078 De
681 4029 824 4079 Gest.
853 4027 990 4090 ch.
1023 4026 1193 4089 Angl.
1220 4023 1282 4077 L.
1309 4024 1352 4075 1.
1382 4042 1430 4077 c.
1457 4026 1512 4075 3.
1539 4043 1594 4093 p.
1622 4021 1710 4075 22.

430 4111 519 4177 (2)
562 4109 720 4179 Oper.
752 4110 901 4161 Tom.
929 4108 1024 4161 111.
1050 4126 1106 4175 p.
1134 4108 1255 4161 151.
1324 4107 1494 4161 Smn
1518 4124 1573 4174 p.
1604 4105 1727 4157 222.

437 4195 522 4263 (3)
562 4194 779 4248 Malu..
812 4197 931 4246 Act.
966 4193 1161 4255 Bened.
1191 4191 1226 4242 1.
1257 4191 1294 4240 1.
