2922 5195
1473 506 1555 566 58

574 689 652 753 In
695 684 1044 751 proverbia
1085 703 1445 747 samuelus
1464 729 1484 763 ,
1535 681 1685 747 libri
1725 683 1854 747 ΙΙΙ.

576 806 663 868 Ηί
707 805 887 885 libri,
947 803 1055 889 qui
1110 802 1277 867 inter
1311 823 1690 865 umnonm
1742 823 1941 888 opera
1991 825 2332 892 perperam
2383 807 2537 871 editi

481 939 630 989 sunt
655 921 781 1011 (1),
808 923 1102 1010 leguntur
1133 920 1202 983 in
1230 942 1438 983 annu:
1466 920 1751 1008 Operum
1779 919 1952 985 Edit.
1978 921 2167 987 Basil.
2200 922 2389 989 Tom.
2414 923 2530 990 IV.

484 1065 554 1130 p.
611 1037 936 1125 869-983,
987 1037 1221 1102 Colon.
1273 1038 1469 1104 Tom.
1502 1036 1617 1102 IV.
1665 1060 1735 1125 p.
1776 1037 2095 1126 634-713.
2184 1039 2536 1104 Parabola-

484 1182 622 1223 rum
661 1171 872 1221 autem
887 1204 906 1238 ‚
950 1152 1021 1218 id
1064 1170 1192 1238 est,
1233 1155 1729 1219 Similitudinum
1769 1154 2266 1244 adpellationem
2306 1174 2531 1223 auctor

481 1300 523 1340 a
566 1296 912 1340 unomen
957 1287 1327 1362 usurpatam
1375 1295 1511 1337 esse
1553 1288 1778 1353 monet
1794 1320 1813 1356 ,
1858 1288 1930 1338 ut
1978 1277 2282 1340 sciremus
2299 1325 2321 1358 ‚
2366 1300 2532 1363 quae

485 1392 690 1476 dicat,
735 1413 869 1456 non
911 1390 1178 1481 proprie
1193 1438 1212 1472 ,
1256 1388 1372 1455 sed
1427 1389 1642 1455 altiori
1688 1413 1875 1456 sensu
1916 1413 2049 1456 esse
2089 1390 2526 1481 intelligenda.

485 1507 893 1574 «Notandum
957 1523 1174 1572 autem
1249 1523 1344 1572 est
1365 1555 1385 1590 ,
1460 1508 1668 1595 inquit
1693 1555 1712 1591 ,
1788 1508 2109 1598 vulgatam
2163 1507 2533 1574 Editionem

482 1649 606 1716 pro
635 1625 1010 1708 Parabolis,
1057 1648 1220 1714 quae
1268 1626 1572 1713 hebraice
1614 1627 1861 1691 Missae
1901 1643 2216 1692 vocantur
2230 1675 2250 1710 ,
2293 1629 2532 1694 Par-oe·

484 1752 651 1809 mias
690 1745 739 1810 i.
792 1768 853 1810 e.
912 1744 1263 1810 Proverbia
1322 1743 1563 1810 dicere.
1657 1743 1788 1809 Sed
1855 1766 1979 1810 nec
2028 1746 2240 1837 ipsum
2294 1769 2535 1812 nomen

483 1862 787 1926 abhorret
827 1882 867 1923 a
909 1881 1090 1925 vero.
1194 1859 1393 1939 Quae
1456 1861 1631 1924 enim
1659 1862 2019 1948 parabolae
2063 1879 2241 1928 recte
2288 1885 2535 1928 nuncu·

482 1994 743 2068 pantur,
785 1978 935 2066 quia
979 1975 1239 2042 occulta
1272 1992 1452 2059 sunt,
1494 1991 1762 2065 possunt
1785 2000 1920 2041 non
1949 1978 2303 2067 incongrue
2332 1979 2529 2043 etiam

471 2095 816 2186 proverbia
841 2096 1097 2161 vocari:
1138 2096 1286 2183 quia
1312 2094 1468 2174 talia
1499 2109 1676 2178 sunt,
1724 2117 1885 2182 quae
1910 2096 2144 2160 merito
2184 2098 2431 2185 saepius
2456 2099 2529 2163 in

487 2238 603 2279 ore
639 2213 1143 2301 colloquentium
1171 2215 1408 2278 versari
1421 2262 1440 2296 ,
1476 2236 1553 2279 ac
1589 2215 1903 2280 memoria
1936 2212 2211 2279 debeant
2239 2216 2528 2282 retineri.

484 2330 654 2395 Nam
706 2346 772 2395 et
818 2332 1166 2419 proverbia
1200 2331 1580 2420 plerumque
1622 2346 1757 2396 tam
1791 2332 2063 2397 obscure
2095 2330 2396 2397 dicuntur
2409 2380 2429 2415 ,
2461 2346 2534 2396 ut

483 2472 617 2514 non
641 2450 965 2514 immerito
1002 2447 1227 2513 eadem
1251 2450 1502 2537 possint
1538 2450 1733 2512 etiam
1773 2448 2228 2536 parabolarum
2268 2448 2532 2514 nomine

376 2617 383 2624 .
484 2566 766 2633 notari.»
821 2563 929 2631 Ad
970 2564 1189 2630 locum
1228 2565 1389 2654 Cap.
1419 2565 1520 2649 X,
1568 2588 1630 2648 1,
1680 2561 2051 2648 contendit,
2091 2563 2243 2630 ideo
2286 2588 2532 2631 novum

483 2684 741 2750 titulum
791 2706 924 2748 esse
978 2683 1258 2773 positum
1285 2731 1303 2766 ‚
1377 2681 1552 2769 quod
1612 2703 1855 2747 novum
1923 2703 2120 2771 genus
2186 2682 2536 2746 locutionis

482 2801 750 2889 incipiat
764 2848 784 2883 ,
853 2822 1049 2887 quum
1091 2822 1227 2864 non
1277 2798 1547 2888 amplius
1566 2846 1586 2881 ,
1634 2799 1803 2864 sicut
1847 2799 2023 2887 prius
2045 2845 2065 2881 ‚
2128 2796 2210 2862 de
2269 2798 2532 2887 sing-ulis

478 2918 802 2981 bonorum
865 2917 1263 2979 malorumve
1329 2915 1620 3001 partibus
1679 2914 1961 3001 disputet
2016 2916 2311 3005 Scriptor
2332 2964 2351 2998 ,
2419 2914 2536 2981 sed

477 3032 733 3097 alternis
776 3030 1062 3095 versibus
1109 3045 1286 3093 actus
1320 3044 1740 3118 utrorumque
1785 3028 2105 3096 describat
2138 3031 2254 3120 (2).
2339 3032 2532 3097 Para-

480 3149 715 3234 bolas‚‚
740 3171 904 3236 quae
951 3147 1100 3226 viris
1144 3170 1459 3213 nzncmuz
1511 3149 1913 3231 tribuuntur,
1978 3150 2138 3239 Cap.
2188 3149 2407 3233 XXV,
2462 3175 2491 3216 1
2515 3201 2534 3234 ‚

481 3289 650 3334 mnu
702 3267 994 3353 'primum
1024 3263 1337 3356 dispersas
1366 3267 1561 3352 inque
1593 3265 1993 3331 diversorum
2019 3269 2314 3332 manibus
2344 3268 2535 3335 fuisse

481 3399 736 3467 censet,
787 3405 1060 3471 quorum
1116 3380 1425 3448 industria
1473 3399 1699 3473 postea
1740 3385 1813 3449 in
1851 3407 2051 3449 unum
2102 3385 2415 3451 collectae
2466 3404 2532 3452 et

480 3502 632 3570 huic
658 3500 861 3568 ‚libro
907 3501 1180 3565 insertae
1228 3502 1377 3566 sint.
1472 3500 1739 3565 Notavit
1787 3516 2032 3582 autem,
2079 3504 2149 3566 in
2179 3503 2277 3567 his
2323 3503 2526 3567 multo

479 3620 715 3709 plura„
741 3641 935 3704 quam
983 3619 1053 3680 in
1104 3618 1365 3700 ceteris,
1413 3617 1755 3707 allegorice
1802 3642 1940 3685 esse
1986 3618 2360 3707 accipienda
2403 3619 2519 3708 (3).

571 3888 657 3956 (1)
695 3881 782 3940 Of.
825 3902 1033 3938 unam.
1075 3887 1330 3938 Biblioth.
1374 3887 1501 3939 Lat.
1543 3887 1685 3940 Med.
1732 3891 1867 3940 Λευ.
1913 3890 2053 3942 Edit.
2100 3905 2248 3943 mnsl
2296 3889 2449 3942 Tom-
2484 3892 2527 3942 Ι.

686 3988 823 4040 pag„
868 3969 990 4024 1⁹0.
1088 3969 1347 4021 Daunus
1400 3968 1441 4021 1.
1485 3970 1523 4021 1.
1583 3987 1702 4042 pag.
1746 3972 1842 4026 16.·
1926 3972 2109 4025 Surus
2157 3974 2361 4025 Sistens.
2406 3973 2444 4024 1.
2489 3973 2530 4025 1.

688 4072 809 4123 pag.
839 4053 960 4108 219.
992 4052 1057 4108 A.

569 4135 654 4202 (2)
695 4139 769 4188 In
796 4136 1086 4189 Proverbia
1119 4137 1384 4189 Salomon.
1413 4136 1635 4209 Luxu.
1667 4154 1777 4205 cap.
1811 4139 1896 4189 10.
1930 4139 2044 4188 init.

571 4215 660 4286 (s)
696 4218 832 4270 md.
863 4220 981 4272 Lib.
1011 4220 1103 4272 m.
1131 4237 1244 4287 cap.
1274 4220 1360 4270 2⁷.
1389 4221 1511 4271 init.
